@misc{ADQL2.0,
  author        = {{Osuna}, Pedro and {Ortiz}, I{\~n}aki and {Lusted}, Jeff and {Dowler}, Pat and {Szalay}, Alexander and {Shirasaki}, Yuji and {Nieto-Santisteban}, Maria A. and {Ohishi}, Masatoshi and {O'Mullane}, William and {VOQL-TEG Group} and {VOQL Working Group.}},
  title         = {{IVOA Astronomical Data Query Language Version 2.00}},
  keywords      = {Astrophysics - Instrumentation and Methods for Astrophysics},
  howpublished  = {IVOA Recommendation 30 October 2008},
  year          = 2008,
  month         = oct,
  pages         = {1030},
  doi           = {10.5479/ADS/bib/2008ivoa.spec.1030O},
  archiveprefix = {arXiv},
  eprint        = {1110.0503},
  primaryclass  = {astro-ph.IM},
  adsurl        = {https://ui.adsabs.harvard.edu/abs/2008ivoa.spec.1030O},
  adsnote       = {Provided by the SAO/NASA Astrophysics Data System}
}


@article{Aggarwal+2002,
  author  = {Aggarwal, Charu and Hinneburg, Alexander and Keim, Daniel},
  year    = {2002},
  month   = {02},
  pages   = {},
  title   = {On the Surprising Behavior of Distance Metric in High-Dimensional Space},
  journal = {First publ. in: Database theory, ICDT 200, 8th International Conference, London, UK, January 4 - 6, 2001 / Jan Van den Bussche ... (eds.). Berlin: Springer, 2001, pp. 420-434 (=Lecture notes in computer science ; 1973)}
}


@article{Antoja+2020,
  author        = {{Antoja}, T. and {Ramos}, P. and {Mateu}, C. and {Helmi}, A. and {Anders}, F. and {Jordi}, C. and {Carballo-Bello}, J.~A.},
  title         = {{An all-sky proper-motion map of the Sagittarius stream using Gaia DR2}},
  journal       = {\aap},
  keywords      = {Galaxy: halo, galaxies: dwarf, Galaxy: kinematics and dynamics, Galaxy: formation, astrometry, Astrophysics - Astrophysics of Galaxies},
  year          = 2020,
  month         = mar,
  volume        = {635},
  eid           = {L3},
  pages         = {L3},
  doi           = {10.1051/0004-6361/201937145},
  archiveprefix = {arXiv},
  eprint        = {2001.10012},
  primaryclass  = {astro-ph.GA},
  adsurl        = {https://ui.adsabs.harvard.edu/abs/2020A&A...635L...3A},
  adsnote       = {Provided by the SAO/NASA Astrophysics Data System}
}


@article{Astropy2013,
  author        = {{Astropy Collaboration} and {Robitaille}, Thomas P. and {Tollerud}, Erik J. and {Greenfield}, Perry and {Droettboom}, Michael and {Bray}, Erik and {Aldcroft}, Tom and {Davis}, Matt and {Ginsburg}, Adam and {Price-Whelan}, Adrian M. and {Kerzendorf}, Wolfgang E. and {Conley}, Alexander and {Crighton}, Neil and {Barbary}, Kyle and {Muna}, Demitri and {Ferguson}, Henry and {Grollier}, Fr{\'e}d{\'e}ric and {Parikh}, Madhura M. and {Nair}, Prasanth H. and {Unther}, Hans M. and {Deil}, Christoph and {Woillez}, Julien and {Conseil}, Simon and {Kramer}, Roban and {Turner}, James E.~H. and {Singer}, Leo and {Fox}, Ryan and {Weaver}, Benjamin A. and {Zabalza}, Victor and {Edwards}, Zachary I. and {Azalee Bostroem}, K. and {Burke}, D.~J. and {Casey}, Andrew R. and {Crawford}, Steven M. and {Dencheva}, Nadia and {Ely}, Justin and {Jenness}, Tim and {Labrie}, Kathleen and {Lim}, Pey Lian and {Pierfederici}, Francesco and {Pontzen}, Andrew and {Ptak}, Andy and {Refsdal}, Brian and {Servillat}, Mathieu and {Streicher}, Ole},
  title         = {{Astropy: A community Python package for astronomy}},
  journal       = {\aap},
  keywords      = {methods: data analysis, methods: miscellaneous, virtual observatory tools, Astrophysics - Instrumentation and Methods for Astrophysics},
  year          = 2013,
  month         = oct,
  volume        = {558},
  eid           = {A33},
  pages         = {A33},
  doi           = {10.1051/0004-6361/201322068},
  archiveprefix = {arXiv},
  eprint        = {1307.6212},
  primaryclass  = {astro-ph.IM},
  adsurl        = {https://ui.adsabs.harvard.edu/abs/2013A&A...558A..33A},
  adsnote       = {Provided by the SAO/NASA Astrophysics Data System}
}


@article{Astropy2018,
  author        = {{Astropy Collaboration} and {Price-Whelan}, A.~M. and {Sip{\H{o}}cz}, B.~M. and {G{\"u}nther}, H.~M. and {Lim}, P.~L. and {Crawford}, S.~M. and {Conseil}, S. and {Shupe}, D.~L. and {Craig}, M.~W. and {Dencheva}, N. and {Ginsburg}, A. and {VanderPlas}, J.~T. and {Bradley}, L.~D. and {P{\'e}rez-Su{\'a}rez}, D. and {de Val-Borro}, M. and {Aldcroft}, T.~L. and {Cruz}, K.~L. and {Robitaille}, T.~P. and {Tollerud}, E.~J. and {Ardelean}, C. and {Babej}, T. and {Bach}, Y.~P. and {Bachetti}, M. and {Bakanov}, A.~V. and {Bamford}, S.~P. and {Barentsen}, G. and {Barmby}, P. and {Baumbach}, A. and {Berry}, K.~L. and {Biscani}, F. and {Boquien}, M. and {Bostroem}, K.~A. and {Bouma}, L.~G. and {Brammer}, G.~B. and {Bray}, E.~M. and {Breytenbach}, H. and {Buddelmeijer}, H. and {Burke}, D.~J. and {Calderone}, G. and {Cano Rodr{\'\i}guez}, J.~L. and {Cara}, M. and {Cardoso}, J.~V.~M. and {Cheedella}, S. and {Copin}, Y. and {Corrales}, L. and {Crichton}, D. and {D'Avella}, D. and {Deil}, C. and {Depagne}, {\'E}. and {Dietrich}, J.~P. and {Donath}, A. and {Droettboom}, M. and {Earl}, N. and {Erben}, T. and {Fabbro}, S. and {Ferreira}, L.~A. and {Finethy}, T. and {Fox}, R.~T. and {Garrison}, L.~H. and {Gibbons}, S.~L.~J. and {Goldstein}, D.~A. and {Gommers}, R. and {Greco}, J.~P. and {Greenfield}, P. and {Groener}, A.~M. and {Grollier}, F. and {Hagen}, A. and {Hirst}, P. and {Homeier}, D. and {Horton}, A.~J. and {Hosseinzadeh}, G. and {Hu}, L. and {Hunkeler}, J.~S. and {Ivezi{\'c}}, {\v{Z}}. and {Jain}, A. and {Jenness}, T. and {Kanarek}, G. and {Kendrew}, S. and {Kern}, N.~S. and {Kerzendorf}, W.~E. and {Khvalko}, A. and {King}, J. and {Kirkby}, D. and {Kulkarni}, A.~M. and {Kumar}, A. and {Lee}, A. and {Lenz}, D. and {Littlefair}, S.~P. and {Ma}, Z. and {Macleod}, D.~M. and {Mastropietro}, M. and {McCully}, C. and {Montagnac}, S. and {Morris}, B.~M. and {Mueller}, M. and {Mumford}, S.~J. and {Muna}, D. and {Murphy}, N.~A. and {Nelson}, S. and {Nguyen}, G.~H. and {Ninan}, J.~P. and {N{\"o}the}, M. and {Ogaz}, S. and {Oh}, S. and {Parejko}, J.~K. and {Parley}, N. and {Pascual}, S. and {Patil}, R. and {Patil}, A.~A. and {Plunkett}, A.~L. and {Prochaska}, J.~X. and {Rastogi}, T. and {Reddy Janga}, V. and {Sabater}, J. and {Sakurikar}, P. and {Seifert}, M. and {Sherbert}, L.~E. and {Sherwood-Taylor}, H. and {Shih}, A.~Y. and {Sick}, J. and {Silbiger}, M.~T. and {Singanamalla}, S. and {Singer}, L.~P. and {Sladen}, P.~H. and {Sooley}, K.~A. and {Sornarajah}, S. and {Streicher}, O. and {Teuben}, P. and {Thomas}, S.~W. and {Tremblay}, G.~R. and {Turner}, J.~E.~H. and {Terr{\'o}n}, V. and {van Kerkwijk}, M.~H. and {de la Vega}, A. and {Watkins}, L.~L. and {Weaver}, B.~A. and {Whitmore}, J.~B. and {Woillez}, J. and {Zabalza}, V. and {Astropy Contributors}},
  title         = {{The Astropy Project: Building an Open-science Project and Status of the v2.0 Core Package}},
  journal       = {\aj},
  keywords      = {methods: data analysis, methods: miscellaneous, methods: statistical, reference systems, Astrophysics - Instrumentation and Methods for Astrophysics},
  year          = 2018,
  month         = sep,
  volume        = {156},
  number        = {3},
  eid           = {123},
  pages         = {123},
  doi           = {10.3847/1538-3881/aabc4f},
  archiveprefix = {arXiv},
  eprint        = {1801.02634},
  primaryclass  = {astro-ph.IM},
  adsurl        = {https://ui.adsabs.harvard.edu/abs/2018AJ....156..123A},
  adsnote       = {Provided by the SAO/NASA Astrophysics Data System}
}


@article{Astropy2022,
  author        = {{Astropy Collaboration} and {Price-Whelan}, Adrian M. and {Lim}, Pey Lian and {Earl}, Nicholas and {Starkman}, Nathaniel and {Bradley}, Larry and {Shupe}, David L. and {Patil}, Aarya A. and {Corrales}, Lia and {Brasseur}, C.~E. and {N{\"o}the}, Maximilian and {Donath}, Axel and {Tollerud}, Erik and {Morris}, Brett M. and {Ginsburg}, Adam and {Vaher}, Eero and {Weaver}, Benjamin A. and {Tocknell}, James and {Jamieson}, William and {van Kerkwijk}, Marten H. and {Robitaille}, Thomas P. and {Merry}, Bruce and {Bachetti}, Matteo and {G{\"u}nther}, H. Moritz and {Aldcroft}, Thomas L. and {Alvarado-Montes}, Jaime A. and {Archibald}, Anne M. and {B{\'o}di}, Attila and {Bapat}, Shreyas and {Barentsen}, Geert and {Baz{\'a}n}, Juanjo and {Biswas}, Manish and {Boquien}, M{\'e}d{\'e}ric and {Burke}, D.~J. and {Cara}, Daria and {Cara}, Mihai and {Conroy}, Kyle E. and {Conseil}, Simon and {Craig}, Matthew W. and {Cross}, Robert M. and {Cruz}, Kelle L. and {D'Eugenio}, Francesco and {Dencheva}, Nadia and {Devillepoix}, Hadrien A.~R. and {Dietrich}, J{\"o}rg P. and {Eigenbrot}, Arthur Davis and {Erben}, Thomas and {Ferreira}, Leonardo and {Foreman-Mackey}, Daniel and {Fox}, Ryan and {Freij}, Nabil and {Garg}, Suyog and {Geda}, Robel and {Glattly}, Lauren and {Gondhalekar}, Yash and {Gordon}, Karl D. and {Grant}, David and {Greenfield}, Perry and {Groener}, Austen M. and {Guest}, Steve and {Gurovich}, Sebastian and {Handberg}, Rasmus and {Hart}, Akeem and {Hatfield-Dodds}, Zac and {Homeier}, Derek and {Hosseinzadeh}, Griffin and {Jenness}, Tim and {Jones}, Craig K. and {Joseph}, Prajwel and {Kalmbach}, J. Bryce and {Karamehmetoglu}, Emir and {Ka{\l}uszy{\'n}ski}, Miko{\l}aj and {Kelley}, Michael S.~P. and {Kern}, Nicholas and {Kerzendorf}, Wolfgang E. and {Koch}, Eric W. and {Kulumani}, Shankar and {Lee}, Antony and {Ly}, Chun and {Ma}, Zhiyuan and {MacBride}, Conor and {Maljaars}, Jakob M. and {Muna}, Demitri and {Murphy}, N.~A. and {Norman}, Henrik and {O'Steen}, Richard and {Oman}, Kyle A. and {Pacifici}, Camilla and {Pascual}, Sergio and {Pascual-Granado}, J. and {Patil}, Rohit R. and {Perren}, Gabriel I. and {Pickering}, Timothy E. and {Rastogi}, Tanuj and {Roulston}, Benjamin R. and {Ryan}, Daniel F. and {Rykoff}, Eli S. and {Sabater}, Jose and {Sakurikar}, Parikshit and {Salgado}, Jes{\'u}s and {Sanghi}, Aniket and {Saunders}, Nicholas and {Savchenko}, Volodymyr and {Schwardt}, Ludwig and {Seifert-Eckert}, Michael and {Shih}, Albert Y. and {Jain}, Anany Shrey and {Shukla}, Gyanendra and {Sick}, Jonathan and {Simpson}, Chris and {Singanamalla}, Sudheesh and {Singer}, Leo P. and {Singhal}, Jaladh and {Sinha}, Manodeep and {Sip{\H{o}}cz}, Brigitta M. and {Spitler}, Lee R. and {Stansby}, David and {Streicher}, Ole and {{\v{S}}umak}, Jani and {Swinbank}, John D. and {Taranu}, Dan S. and {Tewary}, Nikita and {Tremblay}, Grant R. and {de Val-Borro}, Miguel and {Van Kooten}, Samuel J. and {Vasovi{\'c}}, Zlatan and {Verma}, Shresth and {de Miranda Cardoso}, Jos{\'e} Vin{\'\i}cius and {Williams}, Peter K.~G. and {Wilson}, Tom J. and {Winkel}, Benjamin and {Wood-Vasey}, W.~M. and {Xue}, Rui and {Yoachim}, Peter and {Zhang}, Chen and {Zonca}, Andrea and {Astropy Project Contributors}},
  title         = {{The Astropy Project: Sustaining and Growing a Community-oriented Open-source Project and the Latest Major Release (v5.0) of the Core Package}},
  journal       = {\apj},
  keywords      = {Astronomy software, Open source software, Astronomy data analysis, 1855, 1866, 1858, Astrophysics - Instrumentation and Methods for Astrophysics},
  year          = 2022,
  month         = aug,
  volume        = {935},
  number        = {2},
  eid           = {167},
  pages         = {167},
  doi           = {10.3847/1538-4357/ac7c74},
  archiveprefix = {arXiv},
  eprint        = {2206.14220},
  primaryclass  = {astro-ph.IM},
  adsurl        = {https://ui.adsabs.harvard.edu/abs/2022ApJ...935..167A},
  adsnote       = {Provided by the SAO/NASA Astrophysics Data System}
}


@article{Astroquery2019,
  author        = {{Ginsburg}, Adam and {Sip{\H{o}}cz}, Brigitta M. and {Brasseur}, C.~E. and {Cowperthwaite}, Philip S. and {Craig}, Matthew W. and {Deil}, Christoph and {Guillochon}, James and {Guzman}, Giannina and {Liedtke}, Simon and {Lian Lim}, Pey and {Lockhart}, Kelly E. and {Mommert}, Michael and {Morris}, Brett M. and {Norman}, Henrik and {Parikh}, Madhura and {Persson}, Magnus V. and {Robitaille}, Thomas P. and {Segovia}, Juan-Carlos and {Singer}, Leo P. and {Tollerud}, Erik J. and {de Val-Borro}, Miguel and {Valtchanov}, Ivan and {Woillez}, Julien and {Astroquery Collaboration} and {a subset of astropy Collaboration}},
  title         = {{astroquery: An Astronomical Web-querying Package in Python}},
  journal       = {\aj},
  keywords      = {astronomical databases: miscellaneous, virtual observatory tools, Astrophysics - Instrumentation and Methods for Astrophysics},
  year          = 2019,
  month         = mar,
  volume        = {157},
  number        = {3},
  eid           = {98},
  pages         = {98},
  doi           = {10.3847/1538-3881/aafc33},
  archiveprefix = {arXiv},
  eprint        = {1901.04520},
  primaryclass  = {astro-ph.IM},
  adsurl        = {https://ui.adsabs.harvard.edu/abs/2019AJ....157...98G},
  adsnote       = {Provided by the SAO/NASA Astrophysics Data System}
}


@article{BennettBovy2019,
  author        = {{Bennett}, Morgan and {Bovy}, Jo},
  title         = {{Vertical waves in the solar neighbourhood in Gaia DR2}},
  journal       = {\mnras},
  keywords      = {instabilities, Galaxy: disc, Galaxy: fundamental parameters, Galaxy: kinematics and dynamics, solar neighbourhood, Galaxy: structure, Astrophysics - Astrophysics of Galaxies},
  year          = 2019,
  month         = jan,
  volume        = {482},
  number        = {1},
  pages         = {1417-1425},
  doi           = {10.1093/mnras/sty2813},
  archiveprefix = {arXiv},
  eprint        = {1809.03507},
  primaryclass  = {astro-ph.GA},
  adsurl        = {https://ui.adsabs.harvard.edu/abs/2019MNRAS.482.1417B},
  adsnote       = {Provided by the SAO/NASA Astrophysics Data System}
}


@book{BinneyTremaine2008,
  adsnote   = {Provided by the SAO/NASA Astrophysics Data System},
  adsurl    = {https://ui.adsabs.harvard.edu/abs/2008gady.book.....B},
  author    = {{Binney}, James and {Tremaine}, Scott},
  publisher = {Princeton University Press},
  title     = {{Galactic Dynamics: Second Edition}},
  year      = 2008
}


@techreport{Bishop+1994,
  title       = {Mixture density networks},
  abstract    = {Minimization of a sum-of-squares or cross-entropy error function leads to network outputs which approximate the conditional averages of the target data, conditioned on the input vector. For classifications problems, with a suitably chosen target coding scheme, these averages represent the posterior probabilities of class membership, and so can be regarded as optimal. For problems involving the prediction of continuous variables, however, the conditional averages provide only a very limited description of the properties of the target variables. This is particularly true for problems in which the mapping to be learned is multi-valued, as often arises in the solution of inverse problems, since the average of several correct target values is not necessarily itself a correct value. In order to obtain a complete description of the data, for the purposes of predicting the outputs corresponding to new input vectors, we must model the conditional probability distribution of the target data, again conditioned on the input vector. In this paper we introduce a new class of network models obtained by combining a conventional neural network with a mixture density model. The complete system is called a Mixture Density Network, and can in principle represent arbitrary conditional probability distributions in the same way that a conventional neural network can represent arbitrary functions. We demonstrate the effectiveness of Mixture Density Networks using both a toy problem and a problem involving robot inverse kinematics.},
  keywords    = {NCRG sum-of-squares cross-entropy error function classifications problems coding scheme conditional probability distribution network models neural network mixture density model Mixture Density Network inverse kinematics},
  author      = {Bishop, {Christopher M.}},
  year        = {1994},
  language    = {English},
  isbn        = {NCRG/94/004},
  publisher   = {Aston University},
  type        = {WorkingPaper},
  institution = {Aston University}
}


@techreport{Bishop1994,
  author      = {Bishop, {Christopher M.}},
  title       = {Mixture density networks},
  publisher   = {Aston University},
  year        = {1994},
  language    = {English},
  isbn        = {NCRG/94/004},
  type        = {WorkingPaper},
  institution = {Aston University},
  abstract    = {Minimization of a sum-of-squares or cross-entropy error function leads to network outputs which approximate the conditional averages of the target data, conditioned on the input vector. For classifications problems, with a suitably chosen target coding scheme, these averages represent the posterior probabilities of class membership, and so can be regarded as optimal. For problems involving the prediction of continuous variables, however, the conditional averages provide only a very limited description of the properties of the target variables. This is particularly true for problems in which the mapping to be learned is multi-valued, as often arises in the solution of inverse problems, since the average of several correct target values is not necessarily itself a correct value. In order to obtain a complete description of the data, for the purposes of predicting the outputs corresponding to new input vectors, we must model the conditional probability distribution of the target data, again conditioned on the input vector. In this paper we introduce a new class of network models obtained by combining a conventional neural network with a mixture density model. The complete system is called a Mixture Density Network, and can in principle represent arbitrary conditional probability distributions in the same way that a conventional neural network can represent arbitrary functions. We demonstrate the effectiveness of Mixture Density Networks using both a toy problem and a problem involving robot inverse kinematics.},
  keywords    = {NCRG sum-of-squares cross-entropy error function classifications problems coding scheme conditional probability distribution network models neural network mixture density model Mixture Density Network inverse kinematics}
}


@article{Bonaca+2014,
  author        = {{Bonaca}, Ana and {Geha}, Marla and {K{\"u}pper}, Andreas H.~W. and {Diemand}, J{\"u}rg and {Johnston}, Kathryn V. and {Hogg}, David W.},
  title         = {{Milky Way Mass and Potential Recovery Using Tidal Streams in a Realistic Halo}},
  journal       = {\apj},
  keywords      = {dark matter, Galaxy: halo, Galaxy: structure, Astrophysics - Astrophysics of Galaxies},
  year          = 2014,
  month         = nov,
  volume        = {795},
  number        = {1},
  eid           = {94},
  pages         = {94},
  doi           = {10.1088/0004-637X/795/1/94},
  archiveprefix = {arXiv},
  eprint        = {1406.6063},
  primaryclass  = {astro-ph.GA},
  adsurl        = {https://ui.adsabs.harvard.edu/abs/2014ApJ...795...94B},
  adsnote       = {Provided by the SAO/NASA Astrophysics Data System}
}


@article{Bonaca+2019,
  author        = {{Bonaca}, Ana and {Hogg}, David W. and {Price-Whelan}, Adrian M. and {Conroy}, Charlie},
  title         = {{The Spur and the Gap in GD-1: Dynamical Evidence for a Dark Substructure in the Milky Way Halo}},
  journal       = {\apj},
  keywords      = {cosmology: observations, dark matter, Galaxy: halo, Galaxy: kinematics and dynamics, gravitation, stars: kinematics and dynamics, Astrophysics - Astrophysics of Galaxies, Astrophysics - Cosmology and Nongalactic Astrophysics, High Energy Physics - Phenomenology},
  year          = 2019,
  month         = jul,
  volume        = {880},
  number        = {1},
  eid           = {38},
  pages         = {38},
  doi           = {10.3847/1538-4357/ab2873},
  archiveprefix = {arXiv},
  eprint        = {1811.03631},
  primaryclass  = {astro-ph.GA},
  adsurl        = {https://ui.adsabs.harvard.edu/abs/2019ApJ...880...38B},
  adsnote       = {Provided by the SAO/NASA Astrophysics Data System}
}


@article{Bonaca+2020,
  adsnote       = {Provided by the SAO/NASA Astrophysics Data System},
  adsurl        = {https://ui.adsabs.harvard.edu/abs/2020ApJ...889...70B},
  archiveprefix = {arXiv},
  author        = {{Bonaca}, Ana and {Pearson}, Sarah and {Price-Whelan}, Adrian M. and {Dey}, Arjun and {Geha}, Marla and {Kallivayalil}, Nitya and {Moustakas}, John and {Mu{\~n}oz}, Ricardo and {Myers}, Adam D. and {Schlegel}, David J. and {Valdes}, Francisco},
  doi           = {10.3847/1538-4357/ab5afe},
  eid           = {70},
  eprint        = {1910.00592},
  journal       = {\apj},
  keywords      = {Globular star clusters, Milky Way dynamics, Milky Way stellar halo, Milky Way dark matter halo, Tidal tails, 656, 1051, 1060, 1049, 1701, Astrophysics - Astrophysics of Galaxies},
  month         = jan,
  number        = {1},
  pages         = {70},
  primaryclass  = {astro-ph.GA},
  title         = {{Variations in the Width, Density, and Direction of the Palomar 5 Tidal Tails}},
  volume        = {889},
  year          = 2020
}


@article{BonacaHogg2018,
  adsnote       = {Provided by the SAO/NASA Astrophysics Data System},
  adsurl        = {https://ui.adsabs.harvard.edu/abs/2018ApJ...867..101B},
  archiveprefix = {arXiv},
  author        = {{Bonaca}, Ana and {Hogg}, David W.},
  doi           = {10.3847/1538-4357/aae4da},
  eid           = {101},
  eprint        = {1804.06854},
  journal       = {\apj},
  keywords      = {dark matter, Galaxy: halo, Galaxy: kinematics and dynamics, methods: statistical, Astrophysics - Astrophysics of Galaxies},
  month         = nov,
  number        = {2},
  pages         = {101},
  primaryclass  = {astro-ph.GA},
  title         = {{The Information Content in Cold Stellar Streams}},
  volume        = {867},
  year          = 2018
}


@article{Bovy+2016,
  author        = {{Bovy}, Jo and {Bahmanyar}, Anita and {Fritz}, Tobias K. and {Kallivayalil}, Nitya},
  title         = {{The Shape of the Inner Milky Way Halo from Observations of the Pal 5 and GD--1 Stellar Streams}},
  journal       = {\apj},
  keywords      = {dark matter, Galaxy: fundamental parameters, Galaxy: halo, Galaxy: kinematics and dynamics, Galaxy: structure, globular clusters: individual: Palomar 5, Astrophysics - Astrophysics of Galaxies, Astrophysics - Cosmology and Nongalactic Astrophysics},
  year          = 2016,
  month         = dec,
  volume        = {833},
  number        = {1},
  eid           = {31},
  pages         = {31},
  doi           = {10.3847/1538-4357/833/1/31},
  archiveprefix = {arXiv},
  eprint        = {1609.01298},
  primaryclass  = {astro-ph.GA},
  adsurl        = {https://ui.adsabs.harvard.edu/abs/2016ApJ...833...31B},
  adsnote       = {Provided by the SAO/NASA Astrophysics Data System}
}


@article{Bovy+2017,
  author        = {{Bovy}, Jo and {Erkal}, Denis and {Sanders}, Jason L.},
  title         = {{Linear perturbation theory for tidal streams and the small-scale CDM power spectrum}},
  journal       = {\mnras},
  keywords      = {Galaxy: fundamental parameters, Galaxy: halo, Galaxy: kinematics and dynamics, Galaxy: structure, dark matter, Astrophysics - Astrophysics of Galaxies, Astrophysics - Cosmology and Nongalactic Astrophysics},
  year          = 2017,
  month         = apr,
  volume        = {466},
  number        = {1},
  pages         = {628-668},
  doi           = {10.1093/mnras/stw3067},
  archiveprefix = {arXiv},
  eprint        = {1606.03470},
  primaryclass  = {astro-ph.GA},
  adsurl        = {https://ui.adsabs.harvard.edu/abs/2017MNRAS.466..628B},
  adsnote       = {Provided by the SAO/NASA Astrophysics Data System}
}


@article{Bovy2014,
  author        = {{Bovy}, Jo},
  title         = {{Dynamical Modeling of Tidal Streams}},
  journal       = {\apj},
  keywords      = {dark matter, galaxies: interactions, Galaxy: halo, Galaxy: kinematics and dynamics, Galaxy: structure, Astrophysics - Astrophysics of Galaxies, Astrophysics - Cosmology and Nongalactic Astrophysics},
  year          = 2014,
  month         = nov,
  volume        = {795},
  number        = {1},
  eid           = {95},
  pages         = {95},
  doi           = {10.1088/0004-637X/795/1/95},
  archiveprefix = {arXiv},
  eprint        = {1401.2985},
  primaryclass  = {astro-ph.GA},
  adsurl        = {https://ui.adsabs.harvard.edu/abs/2014ApJ...795...95B},
  adsnote       = {Provided by the SAO/NASA Astrophysics Data System}
}


@misc{brutus,
  author    = {{Speagle}, Josh and
               {Beane}, Gus and
               {Zucker}, Catherine},
  title     = {brutus v0.8.2},
  month     = may,
  year      = 2020,
  publisher = {Zenodo},
  version   = {v0.8.2},
  doi       = {10.5281/zenodo.3840241},
  url       = {https://doi.org/10.5281/zenodo.3840241}
}


@article{Carlberg+2012-74820C,
  author        = {{Carlberg}, R.~G.},
  title         = {{Dark Matter Sub-halo Counts via Star Stream Crossings}},
  journal       = {\apj},
  keywords      = {dark matter, galaxies: dwarf, Local Group, Astrophysics - Cosmology and Nongalactic Astrophysics, Astrophysics - Astrophysics of Galaxies},
  year          = 2012,
  month         = mar,
  volume        = {748},
  number        = {1},
  eid           = {20},
  pages         = {20},
  doi           = {10.1088/0004-637X/748/1/20},
  archiveprefix = {arXiv},
  eprint        = {1109.6022},
  primaryclass  = {astro-ph.CO},
  adsurl        = {https://ui.adsabs.harvard.edu/abs/2012ApJ...748...20C},
  adsnote       = {Provided by the SAO/NASA Astrophysics Data System}
}


@article{Carlberg+2012-76075C,
  adsnote       = {Provided by the SAO/NASA Astrophysics Data System},
  adsurl        = {https://ui.adsabs.harvard.edu/abs/2012ApJ...760...75C/abstract},
  archiveprefix = {arXiv},
  author        = {{Carlberg}, R.~G. and {Grillmair}, C.~J. and {Hetherington}, Nathan},
  doi           = {10.1088/0004-637X/760/1/75},
  eid           = {75},
  eprint        = {1209.1741},
  journal       = {\apj},
  keywords      = {dark matter, galaxies: dwarf, Local Group, Astrophysics - Cosmology and Nongalactic Astrophysics, Astrophysics - Astrophysics of Galaxies},
  month         = nov,
  number        = {1},
  pages         = {75},
  primaryclass  = {astro-ph.CO},
  title         = {{The Pal 5 Star Stream Gaps}},
  volume        = {760},
  year          = 2012
}


@article{CarlbergGrillmair2013,
  author        = {{Carlberg}, R.~G. and {Grillmair}, C.~J.},
  title         = {{Gaps in the GD-1 Star Stream}},
  journal       = {\apj},
  keywords      = {dark matter, galaxies: dwarf, Local Group, Astrophysics - Cosmology and Nongalactic Astrophysics},
  year          = 2013,
  month         = may,
  volume        = {768},
  number        = {2},
  eid           = {171},
  pages         = {171},
  doi           = {10.1088/0004-637X/768/2/171},
  archiveprefix = {arXiv},
  eprint        = {1303.4342},
  primaryclass  = {astro-ph.CO},
  adsurl        = {https://ui.adsabs.harvard.edu/abs/2013ApJ...768..171C},
  adsnote       = {Provided by the SAO/NASA Astrophysics Data System}
}


@inbook{cauchy_2009,
  place      = {Cambridge},
  series     = {Cambridge Library Collection - Mathematics},
  title      = {ANALYSE MATHÉMATIQUE. – Méthodc générale pour la résolution des systèmes d'équations simultanées},
  volume     = {10},
  doi        = {10.1017/CBO9780511702396.063},
  booktitle  = {Oeuvres complètes: Series 1},
  publisher  = {Cambridge University Press},
  author     = {Cauchy, Augustin-Louis},
  year       = {1847},
  pages      = {399–402},
  collection = {Cambridge Library Collection - Mathematics}
}


@article{Choi+2016,
  author        = {{Choi}, Jieun and {Dotter}, Aaron and {Conroy}, Charlie and {Cantiello}, Matteo and {Paxton}, Bill and {Johnson}, Benjamin D.},
  title         = {{Mesa Isochrones and Stellar Tracks (MIST). I. Solar-scaled Models}},
  journal       = {\apj},
  keywords      = {stars: evolution, stars: general, stars: interiors, Astrophysics - Solar and Stellar Astrophysics},
  year          = 2016,
  month         = jun,
  volume        = {823},
  number        = {2},
  eid           = {102},
  pages         = {102},
  doi           = {10.3847/0004-637X/823/2/102},
  archiveprefix = {arXiv},
  eprint        = {1604.08592},
  primaryclass  = {astro-ph.SR},
  adsurl        = {https://ui.adsabs.harvard.edu/abs/2016ApJ...823..102C},
  adsnote       = {Provided by the SAO/NASA Astrophysics Data System}
}


@book{Christopher2016,
  title     = {Pattern Recognition and Machine Learning (Information Science and Statistics)},
  author    = {Bishop, Christopher M.},
  publisher = {Springer},
  year      = {2016},
  month     = {8},
  day       = {23},
  date      = {2016-08-23},
  edition   = {Paperback},
  language  = {English},
  pages     = {758},
  keywords  = {Textbook Rental ASINs, Artificial Intelligence & Semantics, Computer Vision & Pattern Recognition, Computer Graphics & Design, Graphics & Multimedia Programming},
  isbn      = {978-0241973370},
  isbn10    = {1493938436},
  url       = {https://lead.to/amazon/com/?op=bt&la=en&cu=usd&key=1493938436},
  url-am    = {https://www.amazon.com/dp/1493938436/},
  url-go    = {https://books.google.com/books?isbn=9780241973370},
  url-wo    = {https://www.worldcat.org/search?qt=l2a&q=isbn%3A9780241973370},
  price     = {$79.94},
  condition = {New},
  timestamp = {2023-08-23}
}


@article{deBoer+2018,
  author        = {{de Boer}, T.~J.~L. and {Belokurov}, V. and {Koposov}, S.~E. and {Ferrarese}, L. and {Erkal}, D. and {C{\^o}t{\'e}}, P. and {Navarro}, J.~F.},
  title         = {{A deeper look at the GD1 stream: density variations and wiggles}},
  journal       = {\mnras},
  keywords      = {Galaxy: fundamental parameters, Galaxy: halo, Galaxy: structure, Astrophysics - Astrophysics of Galaxies},
  year          = 2018,
  month         = jun,
  volume        = {477},
  number        = {2},
  pages         = {1893-1902},
  doi           = {10.1093/mnras/sty677},
  archiveprefix = {arXiv},
  eprint        = {1801.08948},
  primaryclass  = {astro-ph.GA},
  adsurl        = {https://ui.adsabs.harvard.edu/abs/2018MNRAS.477.1893D},
  adsnote       = {Provided by the SAO/NASA Astrophysics Data System}
}


@article{deBoer+2020,
  author        = {{de Boer}, T.~J.~L. and {Erkal}, D. and {Gieles}, M.},
  title         = {{A closer look at the spur, blob, wiggle, and gaps in GD-1}},
  journal       = {\mnras},
  keywords      = {Hertzsprung-Russell and colour-magnitude diagrams, Galaxy: fundamental parameters, Galaxy: halo, Galaxy: kinematics and dynamics, Galaxy: structure, Astrophysics - Astrophysics of Galaxies},
  year          = 2020,
  month         = jun,
  volume        = {494},
  number        = {4},
  pages         = {5315-5332},
  doi           = {10.1093/mnras/staa917},
  archiveprefix = {arXiv},
  eprint        = {1911.05745},
  primaryclass  = {astro-ph.GA},
  adsurl        = {https://ui.adsabs.harvard.edu/abs/2020MNRAS.494.5315D},
  adsnote       = {Provided by the SAO/NASA Astrophysics Data System}
}


@article{Dehnen+2004,
  author        = {{Dehnen}, Walter and {Odenkirchen}, Michael and {Grebel}, Eva K. and {Rix}, Hans-Walter},
  title         = {{Modeling the Disruption of the Globular Cluster Palomar 5 by Galactic Tides}},
  journal       = {\aj},
  keywords      = {Galaxy: Halo, Galaxy: Globular Clusters: General, Galaxy: Globular Clusters: Individual: Name: Palomar 5, Methods: N-Body Simulations, Stellar Dynamics, Astrophysics},
  year          = 2004,
  month         = may,
  volume        = {127},
  number        = {5},
  pages         = {2753-2770},
  doi           = {10.1086/383214},
  archiveprefix = {arXiv},
  eprint        = {astro-ph/0401422},
  primaryclass  = {astro-ph},
  adsurl        = {https://ui.adsabs.harvard.edu/abs/2004AJ....127.2753D},
  adsnote       = {Provided by the SAO/NASA Astrophysics Data System}
}


@book{Dirac1947,
  author    = {{Dirac}, P.~A.~M.},
  title     = {{The principles of quantum mechanics}},
  year      = 1947,
  adsurl    = {https://ui.adsabs.harvard.edu/abs/1947pqm..book.....D},
  adsnote   = {Provided by the SAO/NASA Astrophysics Data System},
  publisher = {Oxford University Press}
}


@article{Dotter2016,
  author        = {{Dotter}, Aaron},
  title         = {{MESA Isochrones and Stellar Tracks (MIST) 0: Methods for the Construction of Stellar Isochrones}},
  journal       = {\apjs},
  keywords      = {methods: numerical, stars: evolution, Astrophysics - Solar and Stellar Astrophysics, Astrophysics - Instrumentation and Methods for Astrophysics},
  year          = 2016,
  month         = jan,
  volume        = {222},
  number        = {1},
  eid           = {8},
  pages         = {8},
  doi           = {10.3847/0067-0049/222/1/8},
  archiveprefix = {arXiv},
  eprint        = {1601.05144},
  primaryclass  = {astro-ph.SR},
  adsurl        = {https://ui.adsabs.harvard.edu/abs/2016ApJS..222....8D},
  adsnote       = {Provided by the SAO/NASA Astrophysics Data System}
}


@article{Erkal+2017,
  author        = {{Erkal}, Denis and {Koposov}, Sergey E. and {Belokurov}, Vasily},
  title         = {{A sharper view of Pal 5's tails: discovery of stream perturbations with a novel non-parametric technique}},
  journal       = {\mnras},
  keywords      = {Galaxy: fundamental parameters, globular clusters: individual (Palomar 5), Galaxy: structure, dark matter, Astrophysics - Astrophysics of Galaxies},
  year          = 2017,
  month         = sep,
  volume        = {470},
  number        = {1},
  pages         = {60-84},
  doi           = {10.1093/mnras/stx1208},
  archiveprefix = {arXiv},
  eprint        = {1609.01282},
  primaryclass  = {astro-ph.GA},
  adsurl        = {https://ui.adsabs.harvard.edu/abs/2017MNRAS.470...60E},
  adsnote       = {Provided by the SAO/NASA Astrophysics Data System}
}


@article{EstebanVanden2010,
  author    = {Esteban G. Tabak and Eric Vanden-Eijnden},
  title     = {{Density estimation by dual ascent of the log-likelihood}},
  volume    = {8},
  journal   = {Communications in Mathematical Sciences},
  number    = {1},
  publisher = {International Press of Boston},
  pages     = {217 -- 233},
  keywords  = {Density estimation, machine learning, maximum likelihood},
  year      = {2010}
}


@article{FukushigeHeggie2000,
  adsnote       = {Provided by the SAO/NASA Astrophysics Data System},
  adsurl        = {https://ui.adsabs.harvard.edu/abs/2000MNRAS.318..753F},
  archiveprefix = {arXiv},
  author        = {{Fukushige}, T. and {Heggie}, D.~C.},
  doi           = {10.1046/j.1365-8711.2000.03811.x},
  eprint        = {astro-ph/9910468},
  journal       = {\mnras},
  keywords      = {CHAOS, GRAVITATION, CELESTIAL MECHANICS; STELLAR DYNAMICS, GLOBULAR CLUSTERS: GENERAL, OPEN CLUSTERS AND ASSOCIATIONS: GENERAL, Astrophysics},
  month         = {Nov},
  number        = {3},
  pages         = {753-761},
  primaryclass  = {astro-ph},
  title         = {{The time-scale of escape from star clusters}},
  volume        = {318},
  year          = {2000}
}


@article{Gaia2016,
  author        = {{Gaia Collaboration} and {Prusti}, T. and {de Bruijne}, J.~H.~J. and {Brown}, A.~G.~A. and {Vallenari}, A. and {Babusiaux}, C. and {Bailer-Jones}, C.~A.~L. and {Bastian}, U. and {Biermann}, M. and {Evans}, D.~W. and {Eyer}, L. and {Jansen}, F. and {Jordi}, C. and {Klioner}, S.~A. and {Lammers}, U. and {Lindegren}, L. and {Luri}, X. and {Mignard}, F. and {Milligan}, D.~J. and {Panem}, C. and {Poinsignon}, V. and {Pourbaix}, D. and {Randich}, S. and {Sarri}, G. and {Sartoretti}, P. and {Siddiqui}, H.~I. and {Soubiran}, C. and {Valette}, V. and {van Leeuwen}, F. and {Walton}, N.~A. and {Aerts}, C. and {Arenou}, F. and {Cropper}, M. and {Drimmel}, R. and {H{\o}g}, E. and {Katz}, D. and {Lattanzi}, M.~G. and {O'Mullane}, W. and {Grebel}, E.~K. and {Holland}, A.~D. and {Huc}, C. and {Passot}, X. and {Bramante}, L. and {Cacciari}, C. and {Casta{\~n}eda}, J. and {Chaoul}, L. and {Cheek}, N. and {De Angeli}, F. and {Fabricius}, C. and {Guerra}, R. and {Hern{\'a}ndez}, J. and {Jean-Antoine-Piccolo}, A. and {Masana}, E. and {Messineo}, R. and {Mowlavi}, N. and {Nienartowicz}, K. and {Ord{\'o}{\~n}ez-Blanco}, D. and {Panuzzo}, P. and {Portell}, J. and {Richards}, P.~J. and {Riello}, M. and {Seabroke}, G.~M. and {Tanga}, P. and {Th{\'e}venin}, F. and {Torra}, J. and {Els}, S.~G. and {Gracia-Abril}, G. and {Comoretto}, G. and {Garcia-Reinaldos}, M. and {Lock}, T. and {Mercier}, E. and {Altmann}, M. and {Andrae}, R. and {Astraatmadja}, T.~L. and {Bellas-Velidis}, I. and {Benson}, K. and {Berthier}, J. and {Blomme}, R. and {Busso}, G. and {Carry}, B. and {Cellino}, A. and {Clementini}, G. and {Cowell}, S. and {Creevey}, O. and {Cuypers}, J. and {Davidson}, M. and {De Ridder}, J. and {de Torres}, A. and {Delchambre}, L. and {Dell'Oro}, A. and {Ducourant}, C. and {Fr{\'e}mat}, Y. and {Garc{\'\i}a-Torres}, M. and {Gosset}, E. and {Halbwachs}, J. -L. and {Hambly}, N.~C. and {Harrison}, D.~L. and {Hauser}, M. and {Hestroffer}, D. and {Hodgkin}, S.~T. and {Huckle}, H.~E. and {Hutton}, A. and {Jasniewicz}, G. and {Jordan}, S. and {Kontizas}, M. and {Korn}, A.~J. and {Lanzafame}, A.~C. and {Manteiga}, M. and {Moitinho}, A. and {Muinonen}, K. and {Osinde}, J. and {Pancino}, E. and {Pauwels}, T. and {Petit}, J. -M. and {Recio-Blanco}, A. and {Robin}, A.~C. and {Sarro}, L.~M. and {Siopis}, C. and {Smith}, M. and {Smith}, K.~W. and {Sozzetti}, A. and {Thuillot}, W. and {van Reeven}, W. and {Viala}, Y. and {Abbas}, U. and {Abreu Aramburu}, A. and {Accart}, S. and {Aguado}, J.~J. and {Allan}, P.~M. and {Allasia}, W. and {Altavilla}, G. and {{\'A}lvarez}, M.~A. and {Alves}, J. and {Anderson}, R.~I. and {Andrei}, A.~H. and {Anglada Varela}, E. and {Antiche}, E. and {Antoja}, T. and {Ant{\'o}n}, S. and {Arcay}, B. and {Atzei}, A. and {Ayache}, L. and {Bach}, N. and {Baker}, S.~G. and {Balaguer-N{\'u}{\~n}ez}, L. and {Barache}, C. and {Barata}, C. and {Barbier}, A. and {Barblan}, F. and {Baroni}, M. and {Barrado y Navascu{\'e}s}, D. and {Barros}, M. and {Barstow}, M.~A. and {Becciani}, U. and {Bellazzini}, M. and {Bellei}, G. and {Bello Garc{\'\i}a}, A. and {Belokurov}, V. and {Bendjoya}, P. and {Berihuete}, A. and {Bianchi}, L. and {Bienaym{\'e}}, O. and {Billebaud}, F. and {Blagorodnova}, N. and {Blanco-Cuaresma}, S. and {Boch}, T. and {Bombrun}, A. and {Borrachero}, R. and {Bouquillon}, S. and {Bourda}, G. and {Bouy}, H. and {Bragaglia}, A. and {Breddels}, M.~A. and {Brouillet}, N. and {Br{\"u}semeister}, T. and {Bucciarelli}, B. and {Budnik}, F. and {Burgess}, P. and {Burgon}, R. and {Burlacu}, A. and {Busonero}, D. and {Buzzi}, R. and {Caffau}, E. and {Cambras}, J. and {Campbell}, H. and {Cancelliere}, R. and {Cantat-Gaudin}, T. and {Carlucci}, T. and {Carrasco}, J.~M. and {Castellani}, M. and {Charlot}, P. and {Charnas}, J. and {Charvet}, P. and {Chassat}, F. and {Chiavassa}, A. and {Clotet}, M. and {Cocozza}, G. and {Collins}, R.~S. and {Collins}, P. and {Costigan}, G. and {Crifo}, F. and {Cross}, N.~J.~G. and {Crosta}, M. and {Crowley}, C. and {Dafonte}, C. and {Damerdji}, Y. and {Dapergolas}, A. and {David}, P. and {David}, M. and {De Cat}, P. and {de Felice}, F. and {de Laverny}, P. and {De Luise}, F. and {De March}, R. and {de Martino}, D. and {de Souza}, R. and {Debosscher}, J. and {del Pozo}, E. and {Delbo}, M. and {Delgado}, A. and {Delgado}, H.~E. and {di Marco}, F. and {Di Matteo}, P. and {Diakite}, S. and {Distefano}, E. and {Dolding}, C. and {Dos Anjos}, S. and {Drazinos}, P. and {Dur{\'a}n}, J. and {Dzigan}, Y. and {Ecale}, E. and {Edvardsson}, B. and {Enke}, H. and {Erdmann}, M. and {Escolar}, D. and {Espina}, M. and {Evans}, N.~W. and {Eynard Bontemps}, G. and {Fabre}, C. and {Fabrizio}, M. and {Faigler}, S. and {Falc{\~a}o}, A.~J. and {Farr{\`a}s Casas}, M. and {Faye}, F. and {Federici}, L. and {Fedorets}, G. and {Fern{\'a}ndez-Hern{\'a}ndez}, J. and {Fernique}, P. and {Fienga}, A. and {Figueras}, F. and {Filippi}, F. and {Findeisen}, K. and {Fonti}, A. and {Fouesneau}, M. and {Fraile}, E. and {Fraser}, M. and {Fuchs}, J. and {Furnell}, R. and {Gai}, M. and {Galleti}, S. and {Galluccio}, L. and {Garabato}, D. and {Garc{\'\i}a-Sedano}, F. and {Gar{\'e}}, P. and {Garofalo}, A. and {Garralda}, N. and {Gavras}, P. and {Gerssen}, J. and {Geyer}, R. and {Gilmore}, G. and {Girona}, S. and {Giuffrida}, G. and {Gomes}, M. and {Gonz{\'a}lez-Marcos}, A. and {Gonz{\'a}lez-N{\'u}{\~n}ez}, J. and {Gonz{\'a}lez-Vidal}, J.~J. and {Granvik}, M. and {Guerrier}, A. and {Guillout}, P. and {Guiraud}, J. and {G{\'u}rpide}, A. and {Guti{\'e}rrez-S{\'a}nchez}, R. and {Guy}, L.~P. and {Haigron}, R. and {Hatzidimitriou}, D. and {Haywood}, M. and {Heiter}, U. and {Helmi}, A. and {Hobbs}, D. and {Hofmann}, W. and {Holl}, B. and {Holland}, G. and {Hunt}, J.~A.~S. and {Hypki}, A. and {Icardi}, V. and {Irwin}, M. and {Jevardat de Fombelle}, G. and {Jofr{\'e}}, P. and {Jonker}, P.~G. and {Jorissen}, A. and {Julbe}, F. and {Karampelas}, A. and {Kochoska}, A. and {Kohley}, R. and {Kolenberg}, K. and {Kontizas}, E. and {Koposov}, S.~E. and {Kordopatis}, G. and {Koubsky}, P. and {Kowalczyk}, A. and {Krone-Martins}, A. and {Kudryashova}, M. and {Kull}, I. and {Bachchan}, R.~K. and {Lacoste-Seris}, F. and {Lanza}, A.~F. and {Lavigne}, J. -B. and {Le Poncin-Lafitte}, C. and {Lebreton}, Y. and {Lebzelter}, T. and {Leccia}, S. and {Leclerc}, N. and {Lecoeur-Taibi}, I. and {Lemaitre}, V. and {Lenhardt}, H. and {Leroux}, F. and {Liao}, S. and {Licata}, E. and {Lindstr{\o}m}, H.~E.~P. and {Lister}, T.~A. and {Livanou}, E. and {Lobel}, A. and {L{\"o}ffler}, W. and {L{\'o}pez}, M. and {Lopez-Lozano}, A. and {Lorenz}, D. and {Loureiro}, T. and {MacDonald}, I. and {Magalh{\~a}es Fernandes}, T. and {Managau}, S. and {Mann}, R.~G. and {Mantelet}, G. and {Marchal}, O. and {Marchant}, J.~M. and {Marconi}, M. and {Marie}, J. and {Marinoni}, S. and {Marrese}, P.~M. and {Marschalk{\'o}}, G. and {Marshall}, D.~J. and {Mart{\'\i}n-Fleitas}, J.~M. and {Martino}, M. and {Mary}, N. and {Matijevi{\v{c}}}, G. and {Mazeh}, T. and {McMillan}, P.~J. and {Messina}, S. and {Mestre}, A. and {Michalik}, D. and {Millar}, N.~R. and {Miranda}, B.~M.~H. and {Molina}, D. and {Molinaro}, R. and {Molinaro}, M. and {Moln{\'a}r}, L. and {Moniez}, M. and {Montegriffo}, P. and {Monteiro}, D. and {Mor}, R. and {Mora}, A. and {Morbidelli}, R. and {Morel}, T. and {Morgenthaler}, S. and {Morley}, T. and {Morris}, D. and {Mulone}, A.~F. and {Muraveva}, T. and {Musella}, I. and {Narbonne}, J. and {Nelemans}, G. and {Nicastro}, L. and {Noval}, L. and {Ord{\'e}novic}, C. and {Ordieres-Mer{\'e}}, J. and {Osborne}, P. and {Pagani}, C. and {Pagano}, I. and {Pailler}, F. and {Palacin}, H. and {Palaversa}, L. and {Parsons}, P. and {Paulsen}, T. and {Pecoraro}, M. and {Pedrosa}, R. and {Pentik{\"a}inen}, H. and {Pereira}, J. and {Pichon}, B. and {Piersimoni}, A.~M. and {Pineau}, F. -X. and {Plachy}, E. and {Plum}, G. and {Poujoulet}, E. and {Pr{\v{s}}a}, A. and {Pulone}, L. and {Ragaini}, S. and {Rago}, S. and {Rambaux}, N. and {Ramos-Lerate}, M. and {Ranalli}, P. and {Rauw}, G. and {Read}, A. and {Regibo}, S. and {Renk}, F. and {Reyl{\'e}}, C. and {Ribeiro}, R.~A. and {Rimoldini}, L. and {Ripepi}, V. and {Riva}, A. and {Rixon}, G. and {Roelens}, M. and {Romero-G{\'o}mez}, M. and {Rowell}, N. and {Royer}, F. and {Rudolph}, A. and {Ruiz-Dern}, L. and {Sadowski}, G. and {Sagrist{\`a} Sell{\'e}s}, T. and {Sahlmann}, J. and {Salgado}, J. and {Salguero}, E. and {Sarasso}, M. and {Savietto}, H. and {Schnorhk}, A. and {Schultheis}, M. and {Sciacca}, E. and {Segol}, M. and {Segovia}, J.~C. and {Segransan}, D. and {Serpell}, E. and {Shih}, I. -C. and {Smareglia}, R. and {Smart}, R.~L. and {Smith}, C. and {Solano}, E. and {Solitro}, F. and {Sordo}, R. and {Soria Nieto}, S. and {Souchay}, J. and {Spagna}, A. and {Spoto}, F. and {Stampa}, U. and {Steele}, I.~A. and {Steidelm{\"u}ller}, H. and {Stephenson}, C.~A. and {Stoev}, H. and {Suess}, F.~F. and {S{\"u}veges}, M. and {Surdej}, J. and {Szabados}, L. and {Szegedi-Elek}, E. and {Tapiador}, D. and {Taris}, F. and {Tauran}, G. and {Taylor}, M.~B. and {Teixeira}, R. and {Terrett}, D. and {Tingley}, B. and {Trager}, S.~C. and {Turon}, C. and {Ulla}, A. and {Utrilla}, E. and {Valentini}, G. and {van Elteren}, A. and {Van Hemelryck}, E. and {van Leeuwen}, M. and {Varadi}, M. and {Vecchiato}, A. and {Veljanoski}, J. and {Via}, T. and {Vicente}, D. and {Vogt}, S. and {Voss}, H. and {Votruba}, V. and {Voutsinas}, S. and {Walmsley}, G. and {Weiler}, M. and {Weingrill}, K. and {Werner}, D. and {Wevers}, T. and {Whitehead}, G. and {Wyrzykowski}, {\L}. and {Yoldas}, A. and {{\v{Z}}erjal}, M. and {Zucker}, S. and {Zurbach}, C. and {Zwitter}, T. and {Alecu}, A. and {Allen}, M. and {Allende Prieto}, C. and {Amorim}, A. and {Anglada-Escud{\'e}}, G. and {Arsenijevic}, V. and {Azaz}, S. and {Balm}, P. and {Beck}, M. and {Bernstein}, H. -H. and {Bigot}, L. and {Bijaoui}, A. and {Blasco}, C. and {Bonfigli}, M. and {Bono}, G. and {Boudreault}, S. and {Bressan}, A. and {Brown}, S. and {Brunet}, P. -M. and {Bunclark}, P. and {Buonanno}, R. and {Butkevich}, A.~G. and {Carret}, C. and {Carrion}, C. and {Chemin}, L. and {Ch{\'e}reau}, F. and {Corcione}, L. and {Darmigny}, E. and {de Boer}, K.~S. and {de Teodoro}, P. and {de Zeeuw}, P.~T. and {Delle Luche}, C. and {Domingues}, C.~D. and {Dubath}, P. and {Fodor}, F. and {Fr{\'e}zouls}, B. and {Fries}, A. and {Fustes}, D. and {Fyfe}, D. and {Gallardo}, E. and {Gallegos}, J. and {Gardiol}, D. and {Gebran}, M. and {Gomboc}, A. and {G{\'o}mez}, A. and {Grux}, E. and {Gueguen}, A. and {Heyrovsky}, A. and {Hoar}, J. and {Iannicola}, G. and {Isasi Parache}, Y. and {Janotto}, A. -M. and {Joliet}, E. and {Jonckheere}, A. and {Keil}, R. and {Kim}, D. -W. and {Klagyivik}, P. and {Klar}, J. and {Knude}, J. and {Kochukhov}, O. and {Kolka}, I. and {Kos}, J. and {Kutka}, A. and {Lainey}, V. and {LeBouquin}, D. and {Liu}, C. and {Loreggia}, D. and {Makarov}, V.~V. and {Marseille}, M.~G. and {Martayan}, C. and {Martinez-Rubi}, O. and {Massart}, B. and {Meynadier}, F. and {Mignot}, S. and {Munari}, U. and {Nguyen}, A. -T. and {Nordlander}, T. and {Ocvirk}, P. and {O'Flaherty}, K.~S. and {Olias Sanz}, A. and {Ortiz}, P. and {Osorio}, J. and {Oszkiewicz}, D. and {Ouzounis}, A. and {Palmer}, M. and {Park}, P. and {Pasquato}, E. and {Peltzer}, C. and {Peralta}, J. and {P{\'e}turaud}, F. and {Pieniluoma}, T. and {Pigozzi}, E. and {Poels}, J. and {Prat}, G. and {Prod'homme}, T. and {Raison}, F. and {Rebordao}, J.~M. and {Risquez}, D. and {Rocca-Volmerange}, B. and {Rosen}, S. and {Ruiz-Fuertes}, M.~I. and {Russo}, F. and {Sembay}, S. and {Serraller Vizcaino}, I. and {Short}, A. and {Siebert}, A. and {Silva}, H. and {Sinachopoulos}, D. and {Slezak}, E. and {Soffel}, M. and {Sosnowska}, D. and {Strai{\v{z}}ys}, V. and {ter Linden}, M. and {Terrell}, D. and {Theil}, S. and {Tiede}, C. and {Troisi}, L. and {Tsalmantza}, P. and {Tur}, D. and {Vaccari}, M. and {Vachier}, F. and {Valles}, P. and {Van Hamme}, W. and {Veltz}, L. and {Virtanen}, J. and {Wallut}, J. -M. and {Wichmann}, R. and {Wilkinson}, M.~I. and {Ziaeepour}, H. and {Zschocke}, S.},
  title         = {{The Gaia mission}},
  journal       = {\aap},
  keywords      = {space vehicles: instruments, Galaxy: structure, astrometry, parallaxes, proper motions, telescopes, Astrophysics - Instrumentation and Methods for Astrophysics},
  year          = 2016,
  month         = nov,
  volume        = {595},
  eid           = {A1},
  pages         = {A1},
  doi           = {10.1051/0004-6361/201629272},
  archiveprefix = {arXiv},
  eprint        = {1609.04153},
  primaryclass  = {astro-ph.IM},
  adsurl        = {https://ui.adsabs.harvard.edu/abs/2016A&A...595A...1G},
  adsnote       = {Provided by the SAO/NASA Astrophysics Data System}
}


@article{Gaia2023,
  author        = {{Gaia Collaboration} and {Vallenari}, A. and {Brown}, A.~G.~A. and {Prusti}, T. and {de Bruijne}, J.~H.~J. and {Arenou}, F. and {Babusiaux}, C. and {Biermann}, M. and {Creevey}, O.~L. and {Ducourant}, C. and {Evans}, D.~W. and {Eyer}, L. and {Guerra}, R. and {Hutton}, A. and {Jordi}, C. and {Klioner}, S.~A. and {Lammers}, U.~L. and {Lindegren}, L. and {Luri}, X. and {Mignard}, F. and {Panem}, C. and {Pourbaix}, D. and {Randich}, S. and {Sartoretti}, P. and {Soubiran}, C. and {Tanga}, P. and {Walton}, N.~A. and {Bailer-Jones}, C.~A.~L. and {Bastian}, U. and {Drimmel}, R. and {Jansen}, F. and {Katz}, D. and {Lattanzi}, M.~G. and {van Leeuwen}, F. and {Bakker}, J. and {Cacciari}, C. and {Casta{\~n}eda}, J. and {De Angeli}, F. and {Fabricius}, C. and {Fouesneau}, M. and {Fr{\'e}mat}, Y. and {Galluccio}, L. and {Guerrier}, A. and {Heiter}, U. and {Masana}, E. and {Messineo}, R. and {Mowlavi}, N. and {Nicolas}, C. and {Nienartowicz}, K. and {Pailler}, F. and {Panuzzo}, P. and {Riclet}, F. and {Roux}, W. and {Seabroke}, G.~M. and {Sordo}, R. and {Th{\'e}venin}, F. and {Gracia-Abril}, G. and {Portell}, J. and {Teyssier}, D. and {Altmann}, M. and {Andrae}, R. and {Audard}, M. and {Bellas-Velidis}, I. and {Benson}, K. and {Berthier}, J. and {Blomme}, R. and {Burgess}, P.~W. and {Busonero}, D. and {Busso}, G. and {C{\'a}novas}, H. and {Carry}, B. and {Cellino}, A. and {Cheek}, N. and {Clementini}, G. and {Damerdji}, Y. and {Davidson}, M. and {de Teodoro}, P. and {Nu{\~n}ez Campos}, M. and {Delchambre}, L. and {Dell'Oro}, A. and {Esquej}, P. and {Fern{\'a}ndez-Hern{\'a}ndez}, J. and {Fraile}, E. and {Garabato}, D. and {Garc{\'\i}a-Lario}, P. and {Gosset}, E. and {Haigron}, R. and {Halbwachs}, J. -L. and {Hambly}, N.~C. and {Harrison}, D.~L. and {Hern{\'a}ndez}, J. and {Hestroffer}, D. and {Hodgkin}, S.~T. and {Holl}, B. and {Jan{\ss}en}, K. and {Jevardat de Fombelle}, G. and {Jordan}, S. and {Krone-Martins}, A. and {Lanzafame}, A.~C. and {L{\"o}ffler}, W. and {Marchal}, O. and {Marrese}, P.~M. and {Moitinho}, A. and {Muinonen}, K. and {Osborne}, P. and {Pancino}, E. and {Pauwels}, T. and {Recio-Blanco}, A. and {Reyl{\'e}}, C. and {Riello}, M. and {Rimoldini}, L. and {Roegiers}, T. and {Rybizki}, J. and {Sarro}, L.~M. and {Siopis}, C. and {Smith}, M. and {Sozzetti}, A. and {Utrilla}, E. and {van Leeuwen}, M. and {Abbas}, U. and {{\'A}brah{\'a}m}, P. and {Abreu Aramburu}, A. and {Aerts}, C. and {Aguado}, J.~J. and {Ajaj}, M. and {Aldea-Montero}, F. and {Altavilla}, G. and {{\'A}lvarez}, M.~A. and {Alves}, J. and {Anders}, F. and {Anderson}, R.~I. and {Anglada Varela}, E. and {Antoja}, T. and {Baines}, D. and {Baker}, S.~G. and {Balaguer-N{\'u}{\~n}ez}, L. and {Balbinot}, E. and {Balog}, Z. and {Barache}, C. and {Barbato}, D. and {Barros}, M. and {Barstow}, M.~A. and {Bartolom{\'e}}, S. and {Bassilana}, J. -L. and {Bauchet}, N. and {Becciani}, U. and {Bellazzini}, M. and {Berihuete}, A. and {Bernet}, M. and {Bertone}, S. and {Bianchi}, L. and {Binnenfeld}, A. and {Blanco-Cuaresma}, S. and {Blazere}, A. and {Boch}, T. and {Bombrun}, A. and {Bossini}, D. and {Bouquillon}, S. and {Bragaglia}, A. and {Bramante}, L. and {Breedt}, E. and {Bressan}, A. and {Brouillet}, N. and {Brugaletta}, E. and {Bucciarelli}, B. and {Burlacu}, A. and {Butkevich}, A.~G. and {Buzzi}, R. and {Caffau}, E. and {Cancelliere}, R. and {Cantat-Gaudin}, T. and {Carballo}, R. and {Carlucci}, T. and {Carnerero}, M.~I. and {Carrasco}, J.~M. and {Casamiquela}, L. and {Castellani}, M. and {Castro-Ginard}, A. and {Chaoul}, L. and {Charlot}, P. and {Chemin}, L. and {Chiaramida}, V. and {Chiavassa}, A. and {Chornay}, N. and {Comoretto}, G. and {Contursi}, G. and {Cooper}, W.~J. and {Cornez}, T. and {Cowell}, S. and {Crifo}, F. and {Cropper}, M. and {Crosta}, M. and {Crowley}, C. and {Dafonte}, C. and {Dapergolas}, A. and {David}, M. and {David}, P. and {de Laverny}, P. and {De Luise}, F. and {De March}, R. and {De Ridder}, J. and {de Souza}, R. and {de Torres}, A. and {del Peloso}, E.~F. and {del Pozo}, E. and {Delbo}, M. and {Delgado}, A. and {Delisle}, J. -B. and {Demouchy}, C. and {Dharmawardena}, T.~E. and {Di Matteo}, P. and {Diakite}, S. and {Diener}, C. and {Distefano}, E. and {Dolding}, C. and {Edvardsson}, B. and {Enke}, H. and {Fabre}, C. and {Fabrizio}, M. and {Faigler}, S. and {Fedorets}, G. and {Fernique}, P. and {Fienga}, A. and {Figueras}, F. and {Fournier}, Y. and {Fouron}, C. and {Fragkoudi}, F. and {Gai}, M. and {Garcia-Gutierrez}, A. and {Garcia-Reinaldos}, M. and {Garc{\'\i}a-Torres}, M. and {Garofalo}, A. and {Gavel}, A. and {Gavras}, P. and {Gerlach}, E. and {Geyer}, R. and {Giacobbe}, P. and {Gilmore}, G. and {Girona}, S. and {Giuffrida}, G. and {Gomel}, R. and {Gomez}, A. and {Gonz{\'a}lez-N{\'u}{\~n}ez}, J. and {Gonz{\'a}lez-Santamar{\'\i}a}, I. and {Gonz{\'a}lez-Vidal}, J.~J. and {Granvik}, M. and {Guillout}, P. and {Guiraud}, J. and {Guti{\'e}rrez-S{\'a}nchez}, R. and {Guy}, L.~P. and {Hatzidimitriou}, D. and {Hauser}, M. and {Haywood}, M. and {Helmer}, A. and {Helmi}, A. and {Sarmiento}, M.~H. and {Hidalgo}, S.~L. and {Hilger}, T. and {H{\l}adczuk}, N. and {Hobbs}, D. and {Holland}, G. and {Huckle}, H.~E. and {Jardine}, K. and {Jasniewicz}, G. and {Jean-Antoine Piccolo}, A. and {Jim{\'e}nez-Arranz}, {\'O}. and {Jorissen}, A. and {Juaristi Campillo}, J. and {Julbe}, F. and {Karbevska}, L. and {Kervella}, P. and {Khanna}, S. and {Kontizas}, M. and {Kordopatis}, G. and {Korn}, A.~J. and {K{\'o}sp{\'a}l}, {\'A}. and {Kostrzewa-Rutkowska}, Z. and {Kruszy{\'n}ska}, K. and {Kun}, M. and {Laizeau}, P. and {Lambert}, S. and {Lanza}, A.~F. and {Lasne}, Y. and {Le Campion}, J. -F. and {Lebreton}, Y. and {Lebzelter}, T. and {Leccia}, S. and {Leclerc}, N. and {Lecoeur-Taibi}, I. and {Liao}, S. and {Licata}, E.~L. and {Lindstr{\o}m}, H.~E.~P. and {Lister}, T.~A. and {Livanou}, E. and {Lobel}, A. and {Lorca}, A. and {Loup}, C. and {Madrero Pardo}, P. and {Magdaleno Romeo}, A. and {Managau}, S. and {Mann}, R.~G. and {Manteiga}, M. and {Marchant}, J.~M. and {Marconi}, M. and {Marcos}, J. and {Marcos Santos}, M.~M.~S. and {Mar{\'\i}n Pina}, D. and {Marinoni}, S. and {Marocco}, F. and {Marshall}, D.~J. and {Martin Polo}, L. and {Mart{\'\i}n-Fleitas}, J.~M. and {Marton}, G. and {Mary}, N. and {Masip}, A. and {Massari}, D. and {Mastrobuono-Battisti}, A. and {Mazeh}, T. and {McMillan}, P.~J. and {Messina}, S. and {Michalik}, D. and {Millar}, N.~R. and {Mints}, A. and {Molina}, D. and {Molinaro}, R. and {Moln{\'a}r}, L. and {Monari}, G. and {Mongui{\'o}}, M. and {Montegriffo}, P. and {Montero}, A. and {Mor}, R. and {Mora}, A. and {Morbidelli}, R. and {Morel}, T. and {Morris}, D. and {Muraveva}, T. and {Murphy}, C.~P. and {Musella}, I. and {Nagy}, Z. and {Noval}, L. and {Oca{\~n}a}, F. and {Ogden}, A. and {Ordenovic}, C. and {Osinde}, J.~O. and {Pagani}, C. and {Pagano}, I. and {Palaversa}, L. and {Palicio}, P.~A. and {Pallas-Quintela}, L. and {Panahi}, A. and {Payne-Wardenaar}, S. and {Pe{\~n}alosa Esteller}, X. and {Penttil{\"a}}, A. and {Pichon}, B. and {Piersimoni}, A.~M. and {Pineau}, F. -X. and {Plachy}, E. and {Plum}, G. and {Poggio}, E. and {Pr{\v{s}}a}, A. and {Pulone}, L. and {Racero}, E. and {Ragaini}, S. and {Rainer}, M. and {Raiteri}, C.~M. and {Rambaux}, N. and {Ramos}, P. and {Ramos-Lerate}, M. and {Re Fiorentin}, P. and {Regibo}, S. and {Richards}, P.~J. and {Rios Diaz}, C. and {Ripepi}, V. and {Riva}, A. and {Rix}, H. -W. and {Rixon}, G. and {Robichon}, N. and {Robin}, A.~C. and {Robin}, C. and {Roelens}, M. and {Rogues}, H.~R.~O. and {Rohrbasser}, L. and {Romero-G{\'o}mez}, M. and {Rowell}, N. and {Royer}, F. and {Ruz Mieres}, D. and {Rybicki}, K.~A. and {Sadowski}, G. and {S{\'a}ez N{\'u}{\~n}ez}, A. and {Sagrist{\`a} Sell{\'e}s}, A. and {Sahlmann}, J. and {Salguero}, E. and {Samaras}, N. and {Sanchez Gimenez}, V. and {Sanna}, N. and {Santove{\~n}a}, R. and {Sarasso}, M. and {Schultheis}, M. and {Sciacca}, E. and {Segol}, M. and {Segovia}, J.~C. and {S{\'e}gransan}, D. and {Semeux}, D. and {Shahaf}, S. and {Siddiqui}, H.~I. and {Siebert}, A. and {Siltala}, L. and {Silvelo}, A. and {Slezak}, E. and {Slezak}, I. and {Smart}, R.~L. and {Snaith}, O.~N. and {Solano}, E. and {Solitro}, F. and {Souami}, D. and {Souchay}, J. and {Spagna}, A. and {Spina}, L. and {Spoto}, F. and {Steele}, I.~A. and {Steidelm{\"u}ller}, H. and {Stephenson}, C.~A. and {S{\"u}veges}, M. and {Surdej}, J. and {Szabados}, L. and {Szegedi-Elek}, E. and {Taris}, F. and {Taylor}, M.~B. and {Teixeira}, R. and {Tolomei}, L. and {Tonello}, N. and {Torra}, F. and {Torra}, J. and {Torralba Elipe}, G. and {Trabucchi}, M. and {Tsounis}, A.~T. and {Turon}, C. and {Ulla}, A. and {Unger}, N. and {Vaillant}, M.~V. and {van Dillen}, E. and {van Reeven}, W. and {Vanel}, O. and {Vecchiato}, A. and {Viala}, Y. and {Vicente}, D. and {Voutsinas}, S. and {Weiler}, M. and {Wevers}, T. and {Wyrzykowski}, {\L}. and {Yoldas}, A. and {Yvard}, P. and {Zhao}, H. and {Zorec}, J. and {Zucker}, S. and {Zwitter}, T.},
  title         = {{Gaia Data Release 3. Summary of the content and survey properties}},
  journal       = {\aap},
  keywords      = {techniques: photometric, techniques: spectroscopic, techniques: radial velocities, catalogs, astrometry, parallaxes, Astrophysics - Astrophysics of Galaxies},
  year          = 2023,
  month         = jun,
  volume        = {674},
  eid           = {A1},
  pages         = {A1},
  doi           = {10.1051/0004-6361/202243940},
  archiveprefix = {arXiv},
  eprint        = {2208.00211},
  primaryclass  = {astro-ph.GA},
  adsurl        = {https://ui.adsabs.harvard.edu/abs/2023A&A...674A...1G},
  adsnote       = {Provided by the SAO/NASA Astrophysics Data System}
}


@article{GaiaCollaboration+2016,
  author        = {{Gaia Collaboration} and {Prusti}, T. and {de Bruijne}, J.~H.~J. and {Brown}, A.~G.~A. and {Vallenari}, A. and {Babusiaux}, C. and {Bailer-Jones}, C.~A.~L. and {Bastian}, U. and {Biermann}, M. and {Evans}, D.~W. and {Eyer}, L. and {Jansen}, F. and {Jordi}, C. and {Klioner}, S.~A. and {Lammers}, U. and {Lindegren}, L. and {Luri}, X. and {Mignard}, F. and {Milligan}, D.~J. and {Panem}, C. and {Poinsignon}, V. and {Pourbaix}, D. and {Randich}, S. and {Sarri}, G. and {Sartoretti}, P. and {Siddiqui}, H.~I. and {Soubiran}, C. and {Valette}, V. and {van Leeuwen}, F. and {Walton}, N.~A. and {Aerts}, C. and {Arenou}, F. and {Cropper}, M. and {Drimmel}, R. and {H{\o}g}, E. and {Katz}, D. and {Lattanzi}, M.~G. and {O'Mullane}, W. and {Grebel}, E.~K. and {Holland}, A.~D. and {Huc}, C. and {Passot}, X. and {Bramante}, L. and {Cacciari}, C. and {Casta{\~n}eda}, J. and {Chaoul}, L. and {Cheek}, N. and {De Angeli}, F. and {Fabricius}, C. and {Guerra}, R. and {Hern{\'a}ndez}, J. and {Jean-Antoine-Piccolo}, A. and {Masana}, E. and {Messineo}, R. and {Mowlavi}, N. and {Nienartowicz}, K. and {Ord{\'o}{\~n}ez-Blanco}, D. and {Panuzzo}, P. and {Portell}, J. and {Richards}, P.~J. and {Riello}, M. and {Seabroke}, G.~M. and {Tanga}, P. and {Th{\'e}venin}, F. and {Torra}, J. and {Els}, S.~G. and {Gracia-Abril}, G. and {Comoretto}, G. and {Garcia-Reinaldos}, M. and {Lock}, T. and {Mercier}, E. and {Altmann}, M. and {Andrae}, R. and {Astraatmadja}, T.~L. and {Bellas-Velidis}, I. and {Benson}, K. and {Berthier}, J. and {Blomme}, R. and {Busso}, G. and {Carry}, B. and {Cellino}, A. and {Clementini}, G. and {Cowell}, S. and {Creevey}, O. and {Cuypers}, J. and {Davidson}, M. and {De Ridder}, J. and {de Torres}, A. and {Delchambre}, L. and {Dell'Oro}, A. and {Ducourant}, C. and {Fr{\'e}mat}, Y. and {Garc{\'\i}a-Torres}, M. and {Gosset}, E. and {Halbwachs}, J. -L. and {Hambly}, N.~C. and {Harrison}, D.~L. and {Hauser}, M. and {Hestroffer}, D. and {Hodgkin}, S.~T. and {Huckle}, H.~E. and {Hutton}, A. and {Jasniewicz}, G. and {Jordan}, S. and {Kontizas}, M. and {Korn}, A.~J. and {Lanzafame}, A.~C. and {Manteiga}, M. and {Moitinho}, A. and {Muinonen}, K. and {Osinde}, J. and {Pancino}, E. and {Pauwels}, T. and {Petit}, J. -M. and {Recio-Blanco}, A. and {Robin}, A.~C. and {Sarro}, L.~M. and {Siopis}, C. and {Smith}, M. and {Smith}, K.~W. and {Sozzetti}, A. and {Thuillot}, W. and {van Reeven}, W. and {Viala}, Y. and {Abbas}, U. and {Abreu Aramburu}, A. and {Accart}, S. and {Aguado}, J.~J. and {Allan}, P.~M. and {Allasia}, W. and {Altavilla}, G. and {{\'A}lvarez}, M.~A. and {Alves}, J. and {Anderson}, R.~I. and {Andrei}, A.~H. and {Anglada Varela}, E. and {Antiche}, E. and {Antoja}, T. and {Ant{\'o}n}, S. and {Arcay}, B. and {Atzei}, A. and {Ayache}, L. and {Bach}, N. and {Baker}, S.~G. and {Balaguer-N{\'u}{\~n}ez}, L. and {Barache}, C. and {Barata}, C. and {Barbier}, A. and {Barblan}, F. and {Baroni}, M. and {Barrado y Navascu{\'e}s}, D. and {Barros}, M. and {Barstow}, M.~A. and {Becciani}, U. and {Bellazzini}, M. and {Bellei}, G. and {Bello Garc{\'\i}a}, A. and {Belokurov}, V. and {Bendjoya}, P. and {Berihuete}, A. and {Bianchi}, L. and {Bienaym{\'e}}, O. and {Billebaud}, F. and {Blagorodnova}, N. and {Blanco-Cuaresma}, S. and {Boch}, T. and {Bombrun}, A. and {Borrachero}, R. and {Bouquillon}, S. and {Bourda}, G. and {Bouy}, H. and {Bragaglia}, A. and {Breddels}, M.~A. and {Brouillet}, N. and {Br{\"u}semeister}, T. and {Bucciarelli}, B. and {Budnik}, F. and {Burgess}, P. and {Burgon}, R. and {Burlacu}, A. and {Busonero}, D. and {Buzzi}, R. and {Caffau}, E. and {Cambras}, J. and {Campbell}, H. and {Cancelliere}, R. and {Cantat-Gaudin}, T. and {Carlucci}, T. and {Carrasco}, J.~M. and {Castellani}, M. and {Charlot}, P. and {Charnas}, J. and {Charvet}, P. and {Chassat}, F. and {Chiavassa}, A. and {Clotet}, M. and {Cocozza}, G. and {Collins}, R.~S. and {Collins}, P. and {Costigan}, G. and {Crifo}, F. and {Cross}, N.~J.~G. and {Crosta}, M. and {Crowley}, C. and {Dafonte}, C. and {Damerdji}, Y. and {Dapergolas}, A. and {David}, P. and {David}, M. and {De Cat}, P. and {de Felice}, F. and {de Laverny}, P. and {De Luise}, F. and {De March}, R. and {de Martino}, D. and {de Souza}, R. and {Debosscher}, J. and {del Pozo}, E. and {Delbo}, M. and {Delgado}, A. and {Delgado}, H.~E. and {di Marco}, F. and {Di Matteo}, P. and {Diakite}, S. and {Distefano}, E. and {Dolding}, C. and {Dos Anjos}, S. and {Drazinos}, P. and {Dur{\'a}n}, J. and {Dzigan}, Y. and {Ecale}, E. and {Edvardsson}, B. and {Enke}, H. and {Erdmann}, M. and {Escolar}, D. and {Espina}, M. and {Evans}, N.~W. and {Eynard Bontemps}, G. and {Fabre}, C. and {Fabrizio}, M. and {Faigler}, S. and {Falc{\~a}o}, A.~J. and {Farr{\`a}s Casas}, M. and {Faye}, F. and {Federici}, L. and {Fedorets}, G. and {Fern{\'a}ndez-Hern{\'a}ndez}, J. and {Fernique}, P. and {Fienga}, A. and {Figueras}, F. and {Filippi}, F. and {Findeisen}, K. and {Fonti}, A. and {Fouesneau}, M. and {Fraile}, E. and {Fraser}, M. and {Fuchs}, J. and {Furnell}, R. and {Gai}, M. and {Galleti}, S. and {Galluccio}, L. and {Garabato}, D. and {Garc{\'\i}a-Sedano}, F. and {Gar{\'e}}, P. and {Garofalo}, A. and {Garralda}, N. and {Gavras}, P. and {Gerssen}, J. and {Geyer}, R. and {Gilmore}, G. and {Girona}, S. and {Giuffrida}, G. and {Gomes}, M. and {Gonz{\'a}lez-Marcos}, A. and {Gonz{\'a}lez-N{\'u}{\~n}ez}, J. and {Gonz{\'a}lez-Vidal}, J.~J. and {Granvik}, M. and {Guerrier}, A. and {Guillout}, P. and {Guiraud}, J. and {G{\'u}rpide}, A. and {Guti{\'e}rrez-S{\'a}nchez}, R. and {Guy}, L.~P. and {Haigron}, R. and {Hatzidimitriou}, D. and {Haywood}, M. and {Heiter}, U. and {Helmi}, A. and {Hobbs}, D. and {Hofmann}, W. and {Holl}, B. and {Holland}, G. and {Hunt}, J.~A.~S. and {Hypki}, A. and {Icardi}, V. and {Irwin}, M. and {Jevardat de Fombelle}, G. and {Jofr{\'e}}, P. and {Jonker}, P.~G. and {Jorissen}, A. and {Julbe}, F. and {Karampelas}, A. and {Kochoska}, A. and {Kohley}, R. and {Kolenberg}, K. and {Kontizas}, E. and {Koposov}, S.~E. and {Kordopatis}, G. and {Koubsky}, P. and {Kowalczyk}, A. and {Krone-Martins}, A. and {Kudryashova}, M. and {Kull}, I. and {Bachchan}, R.~K. and {Lacoste-Seris}, F. and {Lanza}, A.~F. and {Lavigne}, J. -B. and {Le Poncin-Lafitte}, C. and {Lebreton}, Y. and {Lebzelter}, T. and {Leccia}, S. and {Leclerc}, N. and {Lecoeur-Taibi}, I. and {Lemaitre}, V. and {Lenhardt}, H. and {Leroux}, F. and {Liao}, S. and {Licata}, E. and {Lindstr{\o}m}, H.~E.~P. and {Lister}, T.~A. and {Livanou}, E. and {Lobel}, A. and {L{\"o}ffler}, W. and {L{\'o}pez}, M. and {Lopez-Lozano}, A. and {Lorenz}, D. and {Loureiro}, T. and {MacDonald}, I. and {Magalh{\~a}es Fernandes}, T. and {Managau}, S. and {Mann}, R.~G. and {Mantelet}, G. and {Marchal}, O. and {Marchant}, J.~M. and {Marconi}, M. and {Marie}, J. and {Marinoni}, S. and {Marrese}, P.~M. and {Marschalk{\'o}}, G. and {Marshall}, D.~J. and {Mart{\'\i}n-Fleitas}, J.~M. and {Martino}, M. and {Mary}, N. and {Matijevi{\v{c}}}, G. and {Mazeh}, T. and {McMillan}, P.~J. and {Messina}, S. and {Mestre}, A. and {Michalik}, D. and {Millar}, N.~R. and {Miranda}, B.~M.~H. and {Molina}, D. and {Molinaro}, R. and {Molinaro}, M. and {Moln{\'a}r}, L. and {Moniez}, M. and {Montegriffo}, P. and {Monteiro}, D. and {Mor}, R. and {Mora}, A. and {Morbidelli}, R. and {Morel}, T. and {Morgenthaler}, S. and {Morley}, T. and {Morris}, D. and {Mulone}, A.~F. and {Muraveva}, T. and {Musella}, I. and {Narbonne}, J. and {Nelemans}, G. and {Nicastro}, L. and {Noval}, L. and {Ord{\'e}novic}, C. and {Ordieres-Mer{\'e}}, J. and {Osborne}, P. and {Pagani}, C. and {Pagano}, I. and {Pailler}, F. and {Palacin}, H. and {Palaversa}, L. and {Parsons}, P. and {Paulsen}, T. and {Pecoraro}, M. and {Pedrosa}, R. and {Pentik{\"a}inen}, H. and {Pereira}, J. and {Pichon}, B. and {Piersimoni}, A.~M. and {Pineau}, F. -X. and {Plachy}, E. and {Plum}, G. and {Poujoulet}, E. and {Pr{\v{s}}a}, A. and {Pulone}, L. and {Ragaini}, S. and {Rago}, S. and {Rambaux}, N. and {Ramos-Lerate}, M. and {Ranalli}, P. and {Rauw}, G. and {Read}, A. and {Regibo}, S. and {Renk}, F. and {Reyl{\'e}}, C. and {Ribeiro}, R.~A. and {Rimoldini}, L. and {Ripepi}, V. and {Riva}, A. and {Rixon}, G. and {Roelens}, M. and {Romero-G{\'o}mez}, M. and {Rowell}, N. and {Royer}, F. and {Rudolph}, A. and {Ruiz-Dern}, L. and {Sadowski}, G. and {Sagrist{\`a} Sell{\'e}s}, T. and {Sahlmann}, J. and {Salgado}, J. and {Salguero}, E. and {Sarasso}, M. and {Savietto}, H. and {Schnorhk}, A. and {Schultheis}, M. and {Sciacca}, E. and {Segol}, M. and {Segovia}, J.~C. and {Segransan}, D. and {Serpell}, E. and {Shih}, I. -C. and {Smareglia}, R. and {Smart}, R.~L. and {Smith}, C. and {Solano}, E. and {Solitro}, F. and {Sordo}, R. and {Soria Nieto}, S. and {Souchay}, J. and {Spagna}, A. and {Spoto}, F. and {Stampa}, U. and {Steele}, I.~A. and {Steidelm{\"u}ller}, H. and {Stephenson}, C.~A. and {Stoev}, H. and {Suess}, F.~F. and {S{\"u}veges}, M. and {Surdej}, J. and {Szabados}, L. and {Szegedi-Elek}, E. and {Tapiador}, D. and {Taris}, F. and {Tauran}, G. and {Taylor}, M.~B. and {Teixeira}, R. and {Terrett}, D. and {Tingley}, B. and {Trager}, S.~C. and {Turon}, C. and {Ulla}, A. and {Utrilla}, E. and {Valentini}, G. and {van Elteren}, A. and {Van Hemelryck}, E. and {van Leeuwen}, M. and {Varadi}, M. and {Vecchiato}, A. and {Veljanoski}, J. and {Via}, T. and {Vicente}, D. and {Vogt}, S. and {Voss}, H. and {Votruba}, V. and {Voutsinas}, S. and {Walmsley}, G. and {Weiler}, M. and {Weingrill}, K. and {Werner}, D. and {Wevers}, T. and {Whitehead}, G. and {Wyrzykowski}, {\L}. and {Yoldas}, A. and {{\v{Z}}erjal}, M. and {Zucker}, S. and {Zurbach}, C. and {Zwitter}, T. and {Alecu}, A. and {Allen}, M. and {Allende Prieto}, C. and {Amorim}, A. and {Anglada-Escud{\'e}}, G. and {Arsenijevic}, V. and {Azaz}, S. and {Balm}, P. and {Beck}, M. and {Bernstein}, H. -H. and {Bigot}, L. and {Bijaoui}, A. and {Blasco}, C. and {Bonfigli}, M. and {Bono}, G. and {Boudreault}, S. and {Bressan}, A. and {Brown}, S. and {Brunet}, P. -M. and {Bunclark}, P. and {Buonanno}, R. and {Butkevich}, A.~G. and {Carret}, C. and {Carrion}, C. and {Chemin}, L. and {Ch{\'e}reau}, F. and {Corcione}, L. and {Darmigny}, E. and {de Boer}, K.~S. and {de Teodoro}, P. and {de Zeeuw}, P.~T. and {Delle Luche}, C. and {Domingues}, C.~D. and {Dubath}, P. and {Fodor}, F. and {Fr{\'e}zouls}, B. and {Fries}, A. and {Fustes}, D. and {Fyfe}, D. and {Gallardo}, E. and {Gallegos}, J. and {Gardiol}, D. and {Gebran}, M. and {Gomboc}, A. and {G{\'o}mez}, A. and {Grux}, E. and {Gueguen}, A. and {Heyrovsky}, A. and {Hoar}, J. and {Iannicola}, G. and {Isasi Parache}, Y. and {Janotto}, A. -M. and {Joliet}, E. and {Jonckheere}, A. and {Keil}, R. and {Kim}, D. -W. and {Klagyivik}, P. and {Klar}, J. and {Knude}, J. and {Kochukhov}, O. and {Kolka}, I. and {Kos}, J. and {Kutka}, A. and {Lainey}, V. and {LeBouquin}, D. and {Liu}, C. and {Loreggia}, D. and {Makarov}, V.~V. and {Marseille}, M.~G. and {Martayan}, C. and {Martinez-Rubi}, O. and {Massart}, B. and {Meynadier}, F. and {Mignot}, S. and {Munari}, U. and {Nguyen}, A. -T. and {Nordlander}, T. and {Ocvirk}, P. and {O'Flaherty}, K.~S. and {Olias Sanz}, A. and {Ortiz}, P. and {Osorio}, J. and {Oszkiewicz}, D. and {Ouzounis}, A. and {Palmer}, M. and {Park}, P. and {Pasquato}, E. and {Peltzer}, C. and {Peralta}, J. and {P{\'e}turaud}, F. and {Pieniluoma}, T. and {Pigozzi}, E. and {Poels}, J. and {Prat}, G. and {Prod'homme}, T. and {Raison}, F. and {Rebordao}, J.~M. and {Risquez}, D. and {Rocca-Volmerange}, B. and {Rosen}, S. and {Ruiz-Fuertes}, M.~I. and {Russo}, F. and {Sembay}, S. and {Serraller Vizcaino}, I. and {Short}, A. and {Siebert}, A. and {Silva}, H. and {Sinachopoulos}, D. and {Slezak}, E. and {Soffel}, M. and {Sosnowska}, D. and {Strai{\v{z}}ys}, V. and {ter Linden}, M. and {Terrell}, D. and {Theil}, S. and {Tiede}, C. and {Troisi}, L. and {Tsalmantza}, P. and {Tur}, D. and {Vaccari}, M. and {Vachier}, F. and {Valles}, P. and {Van Hamme}, W. and {Veltz}, L. and {Virtanen}, J. and {Wallut}, J. -M. and {Wichmann}, R. and {Wilkinson}, M.~I. and {Ziaeepour}, H. and {Zschocke}, S.},
  title         = {{The Gaia mission}},
  journal       = {\aap},
  keywords      = {space vehicles: instruments, Galaxy: structure, astrometry, parallaxes, proper motions, telescopes, Astrophysics - Instrumentation and Methods for Astrophysics},
  year          = 2016,
  month         = nov,
  volume        = {595},
  eid           = {A1},
  pages         = {A1},
  doi           = {10.1051/0004-6361/201629272},
  archiveprefix = {arXiv},
  eprint        = {1609.04153},
  primaryclass  = {astro-ph.IM},
  adsurl        = {https://ui.adsabs.harvard.edu/abs/2016A&A...595A...1G},
  adsnote       = {Provided by the SAO/NASA Astrophysics Data System}
}

@article{GaiaCollaboration+2023,
  author        = {{Gaia Collaboration} and {Vallenari}, A. and {Brown}, A.~G.~A. and {Prusti}, T. and {de Bruijne}, J.~H.~J. and {Arenou}, F. and {Babusiaux}, C. and {Biermann}, M. and {Creevey}, O.~L. and {Ducourant}, C. and {Evans}, D.~W. and {Eyer}, L. and {Guerra}, R. and {Hutton}, A. and {Jordi}, C. and {Klioner}, S.~A. and {Lammers}, U.~L. and {Lindegren}, L. and {Luri}, X. and {Mignard}, F. and {Panem}, C. and {Pourbaix}, D. and {Randich}, S. and {Sartoretti}, P. and {Soubiran}, C. and {Tanga}, P. and {Walton}, N.~A. and {Bailer-Jones}, C.~A.~L. and {Bastian}, U. and {Drimmel}, R. and {Jansen}, F. and {Katz}, D. and {Lattanzi}, M.~G. and {van Leeuwen}, F. and {Bakker}, J. and {Cacciari}, C. and {Casta{\~n}eda}, J. and {De Angeli}, F. and {Fabricius}, C. and {Fouesneau}, M. and {Fr{\'e}mat}, Y. and {Galluccio}, L. and {Guerrier}, A. and {Heiter}, U. and {Masana}, E. and {Messineo}, R. and {Mowlavi}, N. and {Nicolas}, C. and {Nienartowicz}, K. and {Pailler}, F. and {Panuzzo}, P. and {Riclet}, F. and {Roux}, W. and {Seabroke}, G.~M. and {Sordo}, R. and {Th{\'e}venin}, F. and {Gracia-Abril}, G. and {Portell}, J. and {Teyssier}, D. and {Altmann}, M. and {Andrae}, R. and {Audard}, M. and {Bellas-Velidis}, I. and {Benson}, K. and {Berthier}, J. and {Blomme}, R. and {Burgess}, P.~W. and {Busonero}, D. and {Busso}, G. and {C{\'a}novas}, H. and {Carry}, B. and {Cellino}, A. and {Cheek}, N. and {Clementini}, G. and {Damerdji}, Y. and {Davidson}, M. and {de Teodoro}, P. and {Nu{\~n}ez Campos}, M. and {Delchambre}, L. and {Dell'Oro}, A. and {Esquej}, P. and {Fern{\'a}ndez-Hern{\'a}ndez}, J. and {Fraile}, E. and {Garabato}, D. and {Garc{\'\i}a-Lario}, P. and {Gosset}, E. and {Haigron}, R. and {Halbwachs}, J. -L. and {Hambly}, N.~C. and {Harrison}, D.~L. and {Hern{\'a}ndez}, J. and {Hestroffer}, D. and {Hodgkin}, S.~T. and {Holl}, B. and {Jan{\ss}en}, K. and {Jevardat de Fombelle}, G. and {Jordan}, S. and {Krone-Martins}, A. and {Lanzafame}, A.~C. and {L{\"o}ffler}, W. and {Marchal}, O. and {Marrese}, P.~M. and {Moitinho}, A. and {Muinonen}, K. and {Osborne}, P. and {Pancino}, E. and {Pauwels}, T. and {Recio-Blanco}, A. and {Reyl{\'e}}, C. and {Riello}, M. and {Rimoldini}, L. and {Roegiers}, T. and {Rybizki}, J. and {Sarro}, L.~M. and {Siopis}, C. and {Smith}, M. and {Sozzetti}, A. and {Utrilla}, E. and {van Leeuwen}, M. and {Abbas}, U. and {{\'A}brah{\'a}m}, P. and {Abreu Aramburu}, A. and {Aerts}, C. and {Aguado}, J.~J. and {Ajaj}, M. and {Aldea-Montero}, F. and {Altavilla}, G. and {{\'A}lvarez}, M.~A. and {Alves}, J. and {Anders}, F. and {Anderson}, R.~I. and {Anglada Varela}, E. and {Antoja}, T. and {Baines}, D. and {Baker}, S.~G. and {Balaguer-N{\'u}{\~n}ez}, L. and {Balbinot}, E. and {Balog}, Z. and {Barache}, C. and {Barbato}, D. and {Barros}, M. and {Barstow}, M.~A. and {Bartolom{\'e}}, S. and {Bassilana}, J. -L. and {Bauchet}, N. and {Becciani}, U. and {Bellazzini}, M. and {Berihuete}, A. and {Bernet}, M. and {Bertone}, S. and {Bianchi}, L. and {Binnenfeld}, A. and {Blanco-Cuaresma}, S. and {Blazere}, A. and {Boch}, T. and {Bombrun}, A. and {Bossini}, D. and {Bouquillon}, S. and {Bragaglia}, A. and {Bramante}, L. and {Breedt}, E. and {Bressan}, A. and {Brouillet}, N. and {Brugaletta}, E. and {Bucciarelli}, B. and {Burlacu}, A. and {Butkevich}, A.~G. and {Buzzi}, R. and {Caffau}, E. and {Cancelliere}, R. and {Cantat-Gaudin}, T. and {Carballo}, R. and {Carlucci}, T. and {Carnerero}, M.~I. and {Carrasco}, J.~M. and {Casamiquela}, L. and {Castellani}, M. and {Castro-Ginard}, A. and {Chaoul}, L. and {Charlot}, P. and {Chemin}, L. and {Chiaramida}, V. and {Chiavassa}, A. and {Chornay}, N. and {Comoretto}, G. and {Contursi}, G. and {Cooper}, W.~J. and {Cornez}, T. and {Cowell}, S. and {Crifo}, F. and {Cropper}, M. and {Crosta}, M. and {Crowley}, C. and {Dafonte}, C. and {Dapergolas}, A. and {David}, M. and {David}, P. and {de Laverny}, P. and {De Luise}, F. and {De March}, R. and {De Ridder}, J. and {de Souza}, R. and {de Torres}, A. and {del Peloso}, E.~F. and {del Pozo}, E. and {Delbo}, M. and {Delgado}, A. and {Delisle}, J. -B. and {Demouchy}, C. and {Dharmawardena}, T.~E. and {Di Matteo}, P. and {Diakite}, S. and {Diener}, C. and {Distefano}, E. and {Dolding}, C. and {Edvardsson}, B. and {Enke}, H. and {Fabre}, C. and {Fabrizio}, M. and {Faigler}, S. and {Fedorets}, G. and {Fernique}, P. and {Fienga}, A. and {Figueras}, F. and {Fournier}, Y. and {Fouron}, C. and {Fragkoudi}, F. and {Gai}, M. and {Garcia-Gutierrez}, A. and {Garcia-Reinaldos}, M. and {Garc{\'\i}a-Torres}, M. and {Garofalo}, A. and {Gavel}, A. and {Gavras}, P. and {Gerlach}, E. and {Geyer}, R. and {Giacobbe}, P. and {Gilmore}, G. and {Girona}, S. and {Giuffrida}, G. and {Gomel}, R. and {Gomez}, A. and {Gonz{\'a}lez-N{\'u}{\~n}ez}, J. and {Gonz{\'a}lez-Santamar{\'\i}a}, I. and {Gonz{\'a}lez-Vidal}, J.~J. and {Granvik}, M. and {Guillout}, P. and {Guiraud}, J. and {Guti{\'e}rrez-S{\'a}nchez}, R. and {Guy}, L.~P. and {Hatzidimitriou}, D. and {Hauser}, M. and {Haywood}, M. and {Helmer}, A. and {Helmi}, A. and {Sarmiento}, M.~H. and {Hidalgo}, S.~L. and {Hilger}, T. and {H{\l}adczuk}, N. and {Hobbs}, D. and {Holland}, G. and {Huckle}, H.~E. and {Jardine}, K. and {Jasniewicz}, G. and {Jean-Antoine Piccolo}, A. and {Jim{\'e}nez-Arranz}, {\'O}. and {Jorissen}, A. and {Juaristi Campillo}, J. and {Julbe}, F. and {Karbevska}, L. and {Kervella}, P. and {Khanna}, S. and {Kontizas}, M. and {Kordopatis}, G. and {Korn}, A.~J. and {K{\'o}sp{\'a}l}, {\'A}. and {Kostrzewa-Rutkowska}, Z. and {Kruszy{\'n}ska}, K. and {Kun}, M. and {Laizeau}, P. and {Lambert}, S. and {Lanza}, A.~F. and {Lasne}, Y. and {Le Campion}, J. -F. and {Lebreton}, Y. and {Lebzelter}, T. and {Leccia}, S. and {Leclerc}, N. and {Lecoeur-Taibi}, I. and {Liao}, S. and {Licata}, E.~L. and {Lindstr{\o}m}, H.~E.~P. and {Lister}, T.~A. and {Livanou}, E. and {Lobel}, A. and {Lorca}, A. and {Loup}, C. and {Madrero Pardo}, P. and {Magdaleno Romeo}, A. and {Managau}, S. and {Mann}, R.~G. and {Manteiga}, M. and {Marchant}, J.~M. and {Marconi}, M. and {Marcos}, J. and {Marcos Santos}, M.~M.~S. and {Mar{\'\i}n Pina}, D. and {Marinoni}, S. and {Marocco}, F. and {Marshall}, D.~J. and {Martin Polo}, L. and {Mart{\'\i}n-Fleitas}, J.~M. and {Marton}, G. and {Mary}, N. and {Masip}, A. and {Massari}, D. and {Mastrobuono-Battisti}, A. and {Mazeh}, T. and {McMillan}, P.~J. and {Messina}, S. and {Michalik}, D. and {Millar}, N.~R. and {Mints}, A. and {Molina}, D. and {Molinaro}, R. and {Moln{\'a}r}, L. and {Monari}, G. and {Mongui{\'o}}, M. and {Montegriffo}, P. and {Montero}, A. and {Mor}, R. and {Mora}, A. and {Morbidelli}, R. and {Morel}, T. and {Morris}, D. and {Muraveva}, T. and {Murphy}, C.~P. and {Musella}, I. and {Nagy}, Z. and {Noval}, L. and {Oca{\~n}a}, F. and {Ogden}, A. and {Ordenovic}, C. and {Osinde}, J.~O. and {Pagani}, C. and {Pagano}, I. and {Palaversa}, L. and {Palicio}, P.~A. and {Pallas-Quintela}, L. and {Panahi}, A. and {Payne-Wardenaar}, S. and {Pe{\~n}alosa Esteller}, X. and {Penttil{\"a}}, A. and {Pichon}, B. and {Piersimoni}, A.~M. and {Pineau}, F. -X. and {Plachy}, E. and {Plum}, G. and {Poggio}, E. and {Pr{\v{s}}a}, A. and {Pulone}, L. and {Racero}, E. and {Ragaini}, S. and {Rainer}, M. and {Raiteri}, C.~M. and {Rambaux}, N. and {Ramos}, P. and {Ramos-Lerate}, M. and {Re Fiorentin}, P. and {Regibo}, S. and {Richards}, P.~J. and {Rios Diaz}, C. and {Ripepi}, V. and {Riva}, A. and {Rix}, H. -W. and {Rixon}, G. and {Robichon}, N. and {Robin}, A.~C. and {Robin}, C. and {Roelens}, M. and {Rogues}, H.~R.~O. and {Rohrbasser}, L. and {Romero-G{\'o}mez}, M. and {Rowell}, N. and {Royer}, F. and {Ruz Mieres}, D. and {Rybicki}, K.~A. and {Sadowski}, G. and {S{\'a}ez N{\'u}{\~n}ez}, A. and {Sagrist{\`a} Sell{\'e}s}, A. and {Sahlmann}, J. and {Salguero}, E. and {Samaras}, N. and {Sanchez Gimenez}, V. and {Sanna}, N. and {Santove{\~n}a}, R. and {Sarasso}, M. and {Schultheis}, M. and {Sciacca}, E. and {Segol}, M. and {Segovia}, J.~C. and {S{\'e}gransan}, D. and {Semeux}, D. and {Shahaf}, S. and {Siddiqui}, H.~I. and {Siebert}, A. and {Siltala}, L. and {Silvelo}, A. and {Slezak}, E. and {Slezak}, I. and {Smart}, R.~L. and {Snaith}, O.~N. and {Solano}, E. and {Solitro}, F. and {Souami}, D. and {Souchay}, J. and {Spagna}, A. and {Spina}, L. and {Spoto}, F. and {Steele}, I.~A. and {Steidelm{\"u}ller}, H. and {Stephenson}, C.~A. and {S{\"u}veges}, M. and {Surdej}, J. and {Szabados}, L. and {Szegedi-Elek}, E. and {Taris}, F. and {Taylor}, M.~B. and {Teixeira}, R. and {Tolomei}, L. and {Tonello}, N. and {Torra}, F. and {Torra}, J. and {Torralba Elipe}, G. and {Trabucchi}, M. and {Tsounis}, A.~T. and {Turon}, C. and {Ulla}, A. and {Unger}, N. and {Vaillant}, M.~V. and {van Dillen}, E. and {van Reeven}, W. and {Vanel}, O. and {Vecchiato}, A. and {Viala}, Y. and {Vicente}, D. and {Voutsinas}, S. and {Weiler}, M. and {Wevers}, T. and {Wyrzykowski}, {\L}. and {Yoldas}, A. and {Yvard}, P. and {Zhao}, H. and {Zorec}, J. and {Zucker}, S. and {Zwitter}, T.},
  title         = {{Gaia Data Release 3. Summary of the content and survey properties}},
  journal       = {\aap},
  keywords      = {techniques: photometric, techniques: spectroscopic, techniques: radial velocities, catalogs, astrometry, parallaxes, Astrophysics - Astrophysics of Galaxies},
  year          = 2023,
  month         = jun,
  volume        = {674},
  eid           = {A1},
  pages         = {A1},
  doi           = {10.1051/0004-6361/202243940},
  archiveprefix = {arXiv},
  eprint        = {2208.00211},
  primaryclass  = {astro-ph.GA},
  adsurl        = {https://ui.adsabs.harvard.edu/abs/2023A&A...674A...1G},
  adsnote       = {Provided by the SAO/NASA Astrophysics Data System}
}


@misc{GaiaCompleteness,
  title     = {Gaia Data Release 3 Completeness of source contents},
  url       = {https://gea.esac.esa.int/archive/documentation/GDR3/Catalogue_consolidation/chap_cu9val/sec_cu9val_introduction/ssec_cu9val_intro_completeness.html},
  journal   = {Gaia Data Release 3 Completeness of source contents},
  publisher = {Gaia Collaboration},
  author    = {{Gaia Collaboration}},
  year      = {2023},
  month     = {Jul}
}


@article{gala,
  doi       = {10.21105/joss.00388},
  url       = {https://doi.org/10.21105%2Fjoss.00388},
  year      = 2017,
  month     = {oct},
  publisher = {The Open Journal},
  volume    = {2},
  number    = {18},
  author    = {Adrian M. Price-Whelan},
  title     = {Gala: A Python package for galactic dynamics},
  journal   = {The Journal of Open Source Software}
}


@misc{galav1.3,
  author    = {{Price-Whelan}, Adrian and
               {Sipőcz}, Brigitta and
               {Lenz,} Daniel and
               {Greco}, Johnny and
               {Starkman}, Nathaniel and
               {Foreman-Mackey}, Dan and
               {Lim}, P. L. and
               {Oh}, Semyeong and
               {Koposov}, Sergey and
               {Major}, Syrtis},
  title     = {adrn/gala: v1.3},
  month     = oct,
  year      = 2020,
  publisher = {Zenodo},
  version   = {v1.3},
  doi       = {10.5281/zenodo.4159870},
  url       = {https://doi.org/10.5281/zenodo.4159870}
}


@article{GalGhahramani2015,
  author        = {{Gal}, Yarin and {Ghahramani}, Zoubin},
  title         = {{Dropout as a Bayesian Approximation: Appendix}},
  journal       = {arXiv e-prints},
  keywords      = {Statistics - Machine Learning},
  year          = 2015,
  month         = jun,
  eid           = {arXiv:1506.02157},
  pages         = {arXiv:1506.02157},
  doi           = {10.48550/arXiv.1506.02157},
  archiveprefix = {arXiv},
  eprint        = {1506.02157},
  primaryclass  = {stat.ML},
  adsurl        = {https://ui.adsabs.harvard.edu/abs/2015arXiv150602157G},
  adsnote       = {Provided by the SAO/NASA Astrophysics Data System}
}


@article{Gibbons+2014,
  adsnote       = {Provided by the SAO/NASA Astrophysics Data System},
  adsurl        = {https://ui.adsabs.harvard.edu/abs/2014MNRAS.445.3788G},
  archiveprefix = {arXiv},
  author        = {{Gibbons}, S.~L.~J. and {Belokurov}, V. and {Evans}, N.~W.},
  doi           = {10.1093/mnras/stu1986},
  eprint        = {1406.2243},
  journal       = {\mnras},
  keywords      = {Galaxy: fundamental parameters, Galaxy: halo, Galaxy: kinematics and dynamics, galaxies: dwarf, Astrophysics - Astrophysics of Galaxies},
  month         = dec,
  number        = {4},
  pages         = {3788-3802},
  primaryclass  = {astro-ph.GA},
  title         = {{`Skinny Milky Way please', says Sagittarius}},
  volume        = {445},
  year          = 2014
}


@article{GRAVITY2018,
  adsnote       = {Provided by the SAO/NASA Astrophysics Data System},
  adsurl        = {https://ui.adsabs.harvard.edu/abs/2018A&A...615L..15G},
  archiveprefix = {arXiv},
  author        = {{GRAVITY Collaboration} and {Abuter}, R. and {Amorim}, A. and {Anugu}, N. and {Baub{\"o}ck}, M. and {Benisty}, M. and {Berger}, J.~P. and {Blind}, N. and {Bonnet}, H. and {Brandner}, W. and {Buron}, A. and {Collin}, C. and {Chapron}, F. and {Cl{\'e}net}, Y. and {Coud{\'e} Du Foresto}, V. and {de Zeeuw}, P.~T. and {Deen}, C. and {Delplancke-Str{\"o}bele}, F. and {Dembet}, R. and {Dexter}, J. and {Duvert}, G. and {Eckart}, A. and {Eisenhauer}, F. and {Finger}, G. and {F{\"o}rster Schreiber}, N.~M. and {F{\'e}dou}, P. and {Garcia}, P. and {Garcia Lopez}, R. and {Gao}, F. and {Gendron}, E. and {Genzel}, R. and {Gillessen}, S. and {Gordo}, P. and {Habibi}, M. and {Haubois}, X. and {Haug}, M. and {Hau{\ss}mann}, F. and {Henning}, Th. and {Hippler}, S. and {Horrobin}, M. and {Hubert}, Z. and {Hubin}, N. and {Jimenez Rosales}, A. and {Jochum}, L. and {Jocou}, K. and {Kaufer}, A. and {Kellner}, S. and {Kendrew}, S. and {Kervella}, P. and {Kok}, Y. and {Kulas}, M. and {Lacour}, S. and {Lapeyr{\`e}re}, V. and {Lazareff}, B. and {Le Bouquin}, J. -B. and {L{\'e}na}, P. and {Lippa}, M. and {Lenzen}, R. and {M{\'e}rand}, A. and {M{\"u}ler}, E. and {Neumann}, U. and {Ott}, T. and {Palanca}, L. and {Paumard}, T. and {Pasquini}, L. and {Perraut}, K. and {Perrin}, G. and {Pfuhl}, O. and {Plewa}, P.~M. and {Rabien}, S. and {Ram{\'\i}rez}, A. and {Ramos}, J. and {Rau}, C. and {Rodr{\'\i}guez-Coira}, G. and {Rohloff}, R. -R. and {Rousset}, G. and {Sanchez-Bermudez}, J. and {Scheithauer}, S. and {Sch{\"o}ller}, M. and {Schuler}, N. and {Spyromilio}, J. and {Straub}, O. and {Straubmeier}, C. and {Sturm}, E. and {Tacconi}, L.~J. and {Tristram}, K.~R.~W. and {Vincent}, F. and {von Fellenberg}, S. and {Wank}, I. and {Waisberg}, I. and {Widmann}, F. and {Wieprecht}, E. and {Wiest}, M. and {Wiezorrek}, E. and {Woillez}, J. and {Yazici}, S. and {Ziegler}, D. and {Zins}, G.},
  doi           = {10.1051/0004-6361/201833718},
  eid           = {L15},
  eprint        = {1807.09409},
  journal       = {\aap},
  keywords      = {Galaxy: center, gravitation, black hole physics, Astrophysics - Astrophysics of Galaxies, General Relativity and Quantum Cosmology, Physics - Classical Physics},
  month         = jul,
  pages         = {L15},
  primaryclass  = {astro-ph.GA},
  title         = {{Detection of the gravitational redshift in the orbit of the star S2 near the Galactic centre massive black hole}},
  volume        = {615},
  year          = 2018
}


@article{Green+2019,
  author        = {{Green}, Gregory M. and {Schlafly}, Edward and {Zucker}, Catherine and {Speagle}, Joshua S. and {Finkbeiner}, Douglas},
  title         = {{A 3D Dust Map Based on Gaia, Pan-STARRS 1, and 2MASS}},
  journal       = {\apj},
  keywords      = {Interstellar reddening, Interstellar dust extinction, Galaxy structure, Galaxy stellar content, Interstellar dust, 853, 837, 622, 621, 836, Astrophysics - Astrophysics of Galaxies},
  year          = 2019,
  month         = dec,
  volume        = {887},
  number        = {1},
  eid           = {93},
  pages         = {93},
  doi           = {10.3847/1538-4357/ab5362},
  archiveprefix = {arXiv},
  eprint        = {1905.02734},
  primaryclass  = {astro-ph.GA},
  adsurl        = {https://ui.adsabs.harvard.edu/abs/2019ApJ...887...93G},
  adsnote       = {Provided by the SAO/NASA Astrophysics Data System}
}


@article{Green2018,
  author  = {{Green}, {Gregory M.}},
  title   = {{dustmaps: A Python interface for maps of interstellar dust}},
  journal = {The Journal of Open Source Software},
  year    = {2018},
  month   = {Jun},
  volume  = {3},
  number  = {26},
  pages   = {695},
  doi     = {10.21105/joss.00695},
  adsurl  = {https://ui.adsabs.harvard.edu/abs/2018JOSS....3..695G},
  adsnote = {Provided by the SAO/NASA Astrophysics Data System}
}


@article{Greenfield+2015,
  abstract  = {We present the case for developing a successor format for the immensely successful FITS format. We first review existing alternative formats and discuss why we do not believe they provide an adequate solution. The proposed format is called the Advanced Scientific Data Format (ASDF) and is based on an existing text format, YAML, that we believe removes most of the current problems with the FITS format. An overview of the capabilities of the new format is given along with specific examples. This format has the advantage that it does not limit the size of attribute names (akin to FITS keyword names) nor place restrictions on the size or type of values attributes have. Hierarchical relationships are explicit in the syntax and require no special conventions. Finally, it is capable of storing binary data within the file in its binary form. At its basic level, the format proposed has much greater applicability than for just astronomical data.},
  author    = {P. Greenfield and M. Droettboom and E. Bray},
  doi       = {10.1016/J.ASCOM.2015.06.004},
  issn      = {2213-1337},
  journal   = {Astronomy and Computing},
  keywords  = {FITS,File formats,Standards,World coordinate system},
  month     = {9},
  pages     = {240-251},
  publisher = {Elsevier},
  title     = {ASDF: A new data format for astronomy},
  volume    = {12},
  year      = {2015}
}


@article{Grillmair+1995,
  author        = {{Grillmair}, Carl J. and {Freeman}, K.~C. and {Irwin}, M. and {Quinn}, P.~J.},
  title         = {{Globular Clusters with Tidal Tails: Deep Two-Color Star Counts}},
  journal       = {\aj},
  keywords      = {GALAXY: HALO, GLOBULAR CLUSTERS: GENERAL, GALAXY: KINEMATICS AND DYNAMICS, Astrophysics},
  year          = 1995,
  month         = jun,
  volume        = {109},
  pages         = {2553},
  doi           = {10.1086/117470},
  archiveprefix = {arXiv},
  eprint        = {astro-ph/9502039},
  primaryclass  = {astro-ph},
  adsurl        = {https://ui.adsabs.harvard.edu/abs/1995AJ....109.2553G},
  adsnote       = {Provided by the SAO/NASA Astrophysics Data System}
}


@article{Grillmair2006,
  author        = {{Grillmair}, C.~J. and {Dionatos}, O.},
  title         = {{A 22{\textdegree} Tidal Tail for Palomar 5}},
  journal       = {\apjl},
  keywords      = {Galaxy: Halo, Galaxy: Structure, Galaxy: Globular Clusters: General, Galaxy: Globular Clusters:: Individual Name: Palomar 5, Astrophysics},
  year          = 2006,
  month         = apr,
  volume        = {641},
  number        = {1},
  pages         = {L37-L39},
  doi           = {10.1086/503744},
  archiveprefix = {arXiv},
  eprint        = {astro-ph/0603062},
  primaryclass  = {astro-ph},
  adsurl        = {https://ui.adsabs.harvard.edu/abs/2006ApJ...641L..37G},
  adsnote       = {Provided by the SAO/NASA Astrophysics Data System}
}


@article{GrillmairDionatos2006,
  author        = {{Grillmair}, C.~J. and {Dionatos}, O.},
  title         = {{Detection of a 63{\textdegree} Cold Stellar Stream in the Sloan Digital Sky Survey}},
  journal       = {\apjl},
  keywords      = {Galaxy: Halo, Galaxy: Structure, Galaxy: Globular Clusters: General, Astrophysics},
  year          = 2006,
  month         = may,
  volume        = {643},
  number        = {1},
  pages         = {L17-L20},
  doi           = {10.1086/505111},
  archiveprefix = {arXiv},
  eprint        = {astro-ph/0604332},
  primaryclass  = {astro-ph},
  adsurl        = {https://ui.adsabs.harvard.edu/abs/2006ApJ...643L..17G},
  adsnote       = {Provided by the SAO/NASA Astrophysics Data System}
}


@article{GrillmairJohnson2006,
  author        = {{Grillmair}, C.~J. and {Johnson}, R.},
  title         = {{The Detection of a 45{\textdegree} Tidal Stream Associated with the Globular Cluster NGC 5466}},
  journal       = {\apjl},
  keywords      = {Galaxy: Halo, Galaxy: Structure, Galaxy: Globular Clusters: General, Galaxy: Globular Clusters: Individual: NGC Number: NGC 5272, Galaxy: Globular Clusters: Individual: NGC Number: NGC 5466, Astrophysics},
  year          = 2006,
  month         = mar,
  volume        = {639},
  number        = {1},
  pages         = {L17-L20},
  doi           = {10.1086/501439},
  archiveprefix = {arXiv},
  eprint        = {astro-ph/0602602},
  primaryclass  = {astro-ph},
  adsurl        = {https://ui.adsabs.harvard.edu/abs/2006ApJ...639L..17G},
  adsnote       = {Provided by the SAO/NASA Astrophysics Data System}
}


@article{GrillmairSmith2001,
  author        = {{Grillmair}, Carl J. and {Smith}, Graeme H.},
  title         = {{The Main-Sequence Luminosity Function of Palomar 5 from THE HUBBLE SPACE TELESCOPE}},
  journal       = {\aj},
  keywords      = {Galaxy: Evolution, Galaxy: Halo, Galaxy: Globular Clusters: General, globular clusters: individual (Palomar 5), Astrophysics},
  year          = 2001,
  month         = dec,
  volume        = {122},
  number        = {6},
  pages         = {3231-3238},
  doi           = {10.1086/323916},
  archiveprefix = {arXiv},
  eprint        = {astro-ph/0110411},
  primaryclass  = {astro-ph},
  adsurl        = {https://ui.adsabs.harvard.edu/abs/2001AJ....122.3231G},
  adsnote       = {Provided by the SAO/NASA Astrophysics Data System}
}


@article{Harris+2020,
  author        = {{Harris}, Charles R. and {Millman}, K. Jarrod and {van der Walt}, St{\'e}fan J. and {Gommers}, Ralf and {Virtanen}, Pauli and {Cournapeau}, David and {Wieser}, Eric and {Taylor}, Julian and {Berg}, Sebastian and {Smith}, Nathaniel J. and {Kern}, Robert and {Picus}, Matti and {Hoyer}, Stephan and {van Kerkwijk}, Marten H. and {Brett}, Matthew and {Haldane}, Allan and {del R{\'\i}o}, Jaime Fern{\'a}ndez and {Wiebe}, Mark and {Peterson}, Pearu and {G{\'e}rard-Marchant}, Pierre and {Sheppard}, Kevin and {Reddy}, Tyler and {Weckesser}, Warren and {Abbasi}, Hameer and {Gohlke}, Christoph and {Oliphant}, Travis E.},
  title         = {{Array programming with NumPy}},
  journal       = {\nat},
  keywords      = {Computer Science - Mathematical Software, Statistics - Computation},
  year          = 2020,
  month         = sep,
  volume        = {585},
  number        = {7825},
  pages         = {357-362},
  doi           = {10.1038/s41586-020-2649-2},
  archiveprefix = {arXiv},
  eprint        = {2006.10256},
  primaryclass  = {cs.MS},
  adsurl        = {https://ui.adsabs.harvard.edu/abs/2020Natur.585..357H},
  adsnote       = {Provided by the SAO/NASA Astrophysics Data System}
}


@article{Harris1996,
  author   = {{Harris}, William E.},
  title    = {{A Catalog of Parameters for Globular Clusters in the Milky Way}},
  journal  = {\aj},
  keywords = {GLOBULAR CLUSTERS: GENERAL, CATALOGS},
  year     = 1996,
  month    = oct,
  volume   = {112},
  pages    = {1487},
  doi      = {10.1086/118116},
  adsurl   = {https://ui.adsabs.harvard.edu/abs/1996AJ....112.1487H},
  adsnote  = {Provided by the SAO/NASA Astrophysics Data System}
}


@book{HeggieHut2003,
  adsnote   = {Provided by the SAO/NASA Astrophysics Data System},
  adsurl    = {https://ui.adsabs.harvard.edu/abs/2003gmbp.book.....H},
  author    = {{Heggie}, Douglas and {Hut}, Piet},
  title     = {{The Gravitational Million-Body Problem: A Multidisciplinary Approach to Star Cluster Dynamics}},
  year      = 2003,
  publisher = {Cambridge University Press}
}


@article{HelmiWhite1999,
  adsnote       = {Provided by the SAO/NASA Astrophysics Data System},
  adsurl        = {https://ui.adsabs.harvard.edu/abs/1999MNRAS.307..495H},
  archiveprefix = {arXiv},
  author        = {{Helmi}, Amina and {White}, Simon D.~M.},
  doi           = {10.1046/j.1365-8711.1999.02616.x},
  eprint        = {astro-ph/9901102},
  journal       = {\mnras},
  keywords      = {Astrophysics},
  month         = aug,
  number        = {3},
  pages         = {495-517},
  primaryclass  = {astro-ph},
  title         = {{Building up the stellar halo of the Galaxy}},
  volume        = {307},
  year          = 1999
}


@article{HendelJohnston2015,
  adsnote       = {Provided by the SAO/NASA Astrophysics Data System},
  adsurl        = {https://ui.adsabs.harvard.edu/abs/2015MNRAS.454.2472H},
  archiveprefix = {arXiv},
  author        = {{Hendel}, David and {Johnston}, Kathryn V.},
  doi           = {10.1093/mnras/stv2035},
  eprint        = {1509.06369},
  journal       = {\mnras},
  keywords      = {galaxies: haloes, galaxies: kinematics and dynamics, galaxies: statistics, dark matter, Astrophysics - Astrophysics of Galaxies},
  month         = dec,
  number        = {3},
  pages         = {2472-2485},
  primaryclass  = {astro-ph.GA},
  title         = {{Tidal debris morphology and the orbits of satellite galaxies}},
  volume        = {454},
  year          = 2015
}


@article{Hermans+2021,
  author        = {{Hermans}, Joeri and {Banik}, Nilanjan and {Weniger}, Christoph and {Bertone}, Gianfranco and {Louppe}, Gilles},
  title         = {{Towards constraining warm dark matter with stellar streams through neural simulation-based inference}},
  journal       = {\mnras},
  keywords      = {methods: statistical, galaxies: structure, dark matter, Astrophysics - Astrophysics of Galaxies, Astrophysics - Cosmology and Nongalactic Astrophysics, Astrophysics - Instrumentation and Methods for Astrophysics, Statistics - Machine Learning},
  year          = 2021,
  month         = oct,
  volume        = {507},
  number        = {2},
  pages         = {1999-2011},
  doi           = {10.1093/mnras/stab2181},
  archiveprefix = {arXiv},
  eprint        = {2011.14923},
  primaryclass  = {astro-ph.GA},
  adsurl        = {https://ui.adsabs.harvard.edu/abs/2021MNRAS.507.1999H},
  adsnote       = {Provided by the SAO/NASA Astrophysics Data System}
}


# software isn't defined
@article{Hills1975,
  adsnote  = {Provided by the SAO/NASA Astrophysics Data System},
  adsurl   = {https://ui.adsabs.harvard.edu/abs/1975AJ.....80..809H},
  author   = {{Hills}, J.~G.},
  doi      = {10.1086/111815},
  journal  = {\aj},
  keywords = {Binary Stars, Computerized Simulation, Encounters, Galactic Evolution, Star Clusters, Stellar Systems, Eccentricity, Globular Clusters, Open Clusters, Probability Theory, Stellar Motions, Tables (Data), Astrophysics},
  month    = oct,
  pages    = {809-825},
  title    = {{Encounters between binary and single stars and their effect on the dynamical evolution of stellar systems.}},
  volume   = {80},
  year     = 1975
}


@article{HoggForeman-Mackey2018,
  author        = {{Hogg}, David W. and {Foreman-Mackey}, Daniel},
  title         = {{Data Analysis Recipes: Using Markov Chain Monte Carlo}},
  journal       = {\apjs},
  keywords      = {methods: data analysis, methods: numerical, methods: statistical, Astrophysics - Instrumentation and Methods for Astrophysics, Physics - Data Analysis, Statistics and Probability, Statistics - Computation},
  year          = 2018,
  month         = may,
  volume        = {236},
  number        = {1},
  eid           = {11},
  pages         = {11},
  doi           = {10.3847/1538-4365/aab76e},
  archiveprefix = {arXiv},
  eprint        = {1710.06068},
  primaryclass  = {astro-ph.IM},
  adsurl        = {https://ui.adsabs.harvard.edu/abs/2018ApJS..236...11H},
  adsnote       = {Provided by the SAO/NASA Astrophysics Data System}
}


@article{Hunter2007,
  author   = {{Hunter}, John D.},
  title    = {{Matplotlib: A 2D Graphics Environment}},
  journal  = {Computing in Science and Engineering},
  keywords = {Python, Scripting languages, Application development, Scientific programming},
  year     = 2007,
  month    = may,
  volume   = {9},
  number   = {3},
  pages    = {90-95},
  doi      = {10.1109/MCSE.2007.55},
  adsurl   = {https://ui.adsabs.harvard.edu/abs/2007CSE.....9...90H},
  adsnote  = {Provided by the SAO/NASA Astrophysics Data System}
}


@inproceedings{Ibata+1998,
  author    = {{Ibata}, R.~A. and {Lewis}, G.~F. and {Totten}, E. and {Irwin}, M.~J.},
  title     = {{Dynamics of the tidal stream of the Sagittarius dwarf galaxy and the shape of the Galactic halo}},
  booktitle = {Dynamical Studies of Star Clusters and Galaxies},
  year      = 1998,
  editor    = {{Kroupa}, P. and {Palous}, J. and {Spurzem}, R.},
  month     = jan,
  pages     = {178},
  adsurl    = {https://ui.adsabs.harvard.edu/abs/1998dssc.conf..178I},
  adsnote   = {Provided by the SAO/NASA Astrophysics Data System}
}


@article{Ibata+2002,
  author        = {{Ibata}, R.~A. and {Lewis}, G.~F. and {Irwin}, M.~J. and {Quinn}, T.},
  title         = {{Uncovering cold dark matter halo substructure with tidal streams}},
  journal       = {\mnras},
  keywords      = {galaxies: haloes, dark matter, Astrophysics},
  year          = 2002,
  month         = jun,
  volume        = {332},
  number        = {4},
  pages         = {915-920},
  doi           = {10.1046/j.1365-8711.2002.05358.x},
  archiveprefix = {arXiv},
  eprint        = {astro-ph/0110690},
  primaryclass  = {astro-ph},
  adsurl        = {https://ui.adsabs.harvard.edu/abs/2002MNRAS.332..915I},
  adsnote       = {Provided by the SAO/NASA Astrophysics Data System}
}

@article{Ibata+2016,
  author        = {{Ibata}, Rodrigo A. and {Lewis}, Geraint F. and {Martin}, Nicolas F.},
  title         = {{Feeling the Pull: a Study of Natural Galactic Accelerometers. I. Photometry of the Delicate Stellar Stream of the Palomar 5 Globular Cluster}},
  journal       = {\apj},
  keywords      = {dark matter, Galaxy: halo, Galaxy: kinematics and dynamics, globular clusters: individual: Palomar 5, Astrophysics - Astrophysics of Galaxies},
  year          = 2016,
  month         = mar,
  volume        = {819},
  number        = {1},
  eid           = {1},
  pages         = {1},
  doi           = {10.3847/0004-637X/819/1/1},
  archiveprefix = {arXiv},
  eprint        = {1512.03054},
  primaryclass  = {astro-ph.GA},
  adsurl        = {https://ui.adsabs.harvard.edu/abs/2016ApJ...819....1I},
  adsnote       = {Provided by the SAO/NASA Astrophysics Data System}
}

@article{Ibata+2017,
  adsnote       = {Provided by the SAO/NASA Astrophysics Data System},
  adsurl        = {https://ui.adsabs.harvard.edu/abs/2017ApJ...842..120I},
  archiveprefix = {arXiv},
  author        = {{Ibata}, Rodrigo A. and {Lewis}, Geraint F. and {Thomas}, Guillaume and
                   {Martin}, Nicolas F. and {Chapman}, Scott},
  doi           = {10.3847/1538-4357/aa7514},
  eid           = {120},
  eprint        = {1708.06360},
  journal       = {\apj},
  keywords      = {Galaxy: halo, globular clusters: individual: Palomar 5, Astrophysics - Astrophysics of Galaxies},
  month         = {Jun},
  number        = {2},
  pages         = {120},
  primaryclass  = {astro-ph.GA},
  title         = {{Feeling the Pull: A Study of Natural Galactic Accelerometers. II. Kinematics and Mass of the Delicate Stellar Stream of the Palomar 5 Globular Cluster}},
  volume        = {842},
  year          = {2017}
}


@article{Ibata+2020,
  author        = {{Ibata}, Rodrigo and {Thomas}, Guillaume and {Famaey}, Benoit and {Malhan}, Khyati and {Martin}, Nicolas and {Monari}, Giacomo},
  title         = {{Detection of Strong Epicyclic Density Spikes in the GD-1 Stellar Stream: An Absence of Evidence for the Influence of Dark Matter Subhalos?}},
  journal       = {\apj},
  keywords      = {Milky Way dynamics, Stellar dynamics, Hydrodynamics, Milky Way Galaxy, Milky Way dark matter halo, Dark matter, 1051, 1596, 1963, 1054, 1049, 353, Astrophysics - Astrophysics of Galaxies},
  year          = 2020,
  month         = mar,
  volume        = {891},
  number        = {2},
  eid           = {161},
  pages         = {161},
  doi           = {10.3847/1538-4357/ab7303},
  archiveprefix = {arXiv},
  eprint        = {2002.01488},
  primaryclass  = {astro-ph.GA},
  adsurl        = {https://ui.adsabs.harvard.edu/abs/2020ApJ...891..161I},
  adsnote       = {Provided by the SAO/NASA Astrophysics Data System}
}


@article{Ibata+2021,
  author        = {{Ibata}, Rodrigo and {Malhan}, Khyati and {Martin}, Nicolas and {Aubert}, Dominique and {Famaey}, Benoit and {Bianchini}, Paolo and {Monari}, Giacomo and {Siebert}, Arnaud and {Thomas}, Guillaume F. and {Bellazzini}, Michele and {Bonifacio}, Piercarlo and {Caffau}, Elisabetta and {Renaud}, Florent},
  title         = {{Charting the Galactic Acceleration Field. I. A Search for Stellar Streams with Gaia DR2 and EDR3 with Follow-up from ESPaDOnS and UVES}},
  journal       = {\apj},
  keywords      = {Milky Way Galaxy, Dark matter, 1054, 353, Astrophysics - Astrophysics of Galaxies},
  year          = 2021,
  month         = jun,
  volume        = {914},
  number        = {2},
  eid           = {123},
  pages         = {123},
  doi           = {10.3847/1538-4357/abfcc2},
  archiveprefix = {arXiv},
  eprint        = {2012.05245},
  primaryclass  = {astro-ph.GA},
  adsurl        = {https://ui.adsabs.harvard.edu/abs/2021ApJ...914..123I},
  adsnote       = {Provided by the SAO/NASA Astrophysics Data System}
}


@article{ICRS1997,
  adsnote  = {Provided by the SAO/NASA Astrophysics Data System},
  adsurl   = {https://ui.adsabs.harvard.edu/abs/1997ITN....23d..13A},
  author   = {{Arias}, E.~F. and {Charlot}, P. and {Feissel}, M. and {Lestrade}, J. -F.},
  journal  = {IERS Technical Note},
  keywords = {reference systems, astrometry, quasars: general},
  month    = jan,
  pages    = {IV-13},
  title    = {{The extragalactic reference system of the International Earth Rotation Service, ICRS}},
  volume   = {23},
  year     = 1997
}


@misc{jax2018github,
  author  = {James Bradbury and Roy Frostig and Peter Hawkins and Matthew James Johnson and Chris Leary and Dougal Maclaurin and George Necula and Adam Paszke and Jake Vander{P}las and Skye Wanderman-{M}ilne and Qiao Zhang},
  title   = {{JAX}: composable transformations of {P}ython+{N}um{P}y programs},
  url     = {http://github.com/google/jax},
  version = {0.3.13},
  year    = {2018}
}


@article{Johnston+1999,
  author        = {{Johnston}, Kathryn V. and {Zhao}, HongSheng and {Spergel}, David N. and {Hernquist}, Lars},
  title         = {{Tidal Streams as Probes of the Galactic Potential}},
  journal       = {\apjl},
  keywords      = {GALAXY: FUNDAMENTAL PARAMETERS, GALAXY: HALO, GALAXY: KINEMATICS AND DYNAMICS, GALAXY: STRUCTURE, Galaxy: Fundamental Parameters, Galaxy: Halo, Galaxy: Kinematics and Dynamics, Galaxy: Structure, Astrophysics},
  year          = 1999,
  month         = feb,
  volume        = {512},
  number        = {2},
  pages         = {L109-L112},
  doi           = {10.1086/311876},
  archiveprefix = {arXiv},
  eprint        = {astro-ph/9807243},
  primaryclass  = {astro-ph},
  adsurl        = {https://ui.adsabs.harvard.edu/abs/1999ApJ...512L.109J},
  adsnote       = {Provided by the SAO/NASA Astrophysics Data System}
}


@article{Johnston+2002,
  author        = {{Johnston}, Kathryn V. and {Spergel}, David N. and {Haydn}, Christian},
  title         = {{How Lumpy Is the Milky Way's Dark Matter Halo?}},
  journal       = {\apj},
  keywords      = {Cosmology: Dark Matter, Galaxy: Halo, Galaxy: Kinematics and Dynamics, Galaxy: Structure, Astrophysics},
  year          = 2002,
  month         = may,
  volume        = {570},
  number        = {2},
  pages         = {656-664},
  doi           = {10.1086/339791},
  archiveprefix = {arXiv},
  eprint        = {astro-ph/0111196},
  primaryclass  = {astro-ph},
  adsurl        = {https://ui.adsabs.harvard.edu/abs/2002ApJ...570..656J},
  adsnote       = {Provided by the SAO/NASA Astrophysics Data System}
}


@article{Johnston1998,
  adsnote       = {Provided by the SAO/NASA Astrophysics Data System},
  adsurl        = {https://ui.adsabs.harvard.edu/abs/1998ApJ...495..297J},
  archiveprefix = {arXiv},
  author        = {{Johnston}, Kathryn V.},
  doi           = {10.1086/305273},
  eprint        = {astro-ph/9710007},
  journal       = {\apj},
  keywords      = {GALAXY: FORMATION, GALAXY: EVOLUTION, GALAXY: HALO, GALAXY: KINEMATICS AND DYNAMICS, GALAXIES: INTERACTIONS, GALAXIES: MAGELLANIC CLOUDS, Galaxies: Interactions, Galaxy: Evolution, Galaxy: Formation, Galaxy: Halo, Galaxy: Kinematics and Dynamics, Galaxies: Magellanic Clouds, Astrophysics},
  month         = mar,
  number        = {1},
  pages         = {297-308},
  primaryclass  = {astro-ph},
  title         = {{A Prescription for Building the Milky Way's Halo from Disrupted Satellites}},
  volume        = {495},
  year          = 1998
}


@inproceedings{Johnston2016,
  adsnote       = {Provided by the SAO/NASA Astrophysics Data System},
  adsurl        = {https://ui.adsabs.harvard.edu/abs/Johnston2016},
  archiveprefix = {arXiv},
  author        = {{Johnston}, Kathryn V.},
  booktitle     = {Tidal Streams in the Local Group and Beyond},
  doi           = {10.1007/978-3-319-19336-6_6},
  editor        = {{Newberg}, Heidi Jo and {Carlin}, Jeffrey L.},
  eprint        = {1603.06601},
  keywords      = {Physics, Astrophysics - Astrophysics of Galaxies},
  month         = jan,
  pages         = {141},
  primaryclass  = {astro-ph.GA},
  series        = {Astrophysics and Space Science Library},
  title         = {{Origins and Interpretation of Tidal Debris}},
  volume        = {420},
  year          = 2016
}


@article{Kobyzev+2019,
  author        = {{Kobyzev}, Ivan and {Prince}, Simon J.~D. and {Brubaker}, Marcus A.},
  title         = {{Normalizing Flows: An Introduction and Review of Current Methods}},
  journal       = {arXiv e-prints},
  keywords      = {Statistics - Machine Learning, Computer Science - Machine Learning},
  year          = 2019,
  month         = aug,
  eid           = {arXiv:1908.09257},
  pages         = {arXiv:1908.09257},
  doi           = {10.48550/arXiv.1908.09257},
  archiveprefix = {arXiv},
  eprint        = {1908.09257},
  primaryclass  = {stat.ML},
  adsurl        = {https://ui.adsabs.harvard.edu/abs/2019arXiv190809257K},
  adsnote       = {Provided by the SAO/NASA Astrophysics Data System}
}


@article{Koposov+2010,
  author        = {{Koposov}, Sergey E. and {Rix}, Hans-Walter and {Hogg}, David W.},
  title         = {{Constraining the Milky Way Potential with a Six-Dimensional Phase-Space Map of the GD-1 Stellar Stream}},
  journal       = {\apj},
  keywords      = {Galaxy: fundamental parameters, Galaxy: halo, Galaxy: kinematics and dynamics, methods: statistical, stars: kinematics and dynamics, surveys, Astrophysics - Galaxy Astrophysics, Astrophysics - Cosmology and Extragalactic Astrophysics},
  year          = 2010,
  month         = mar,
  volume        = {712},
  number        = {1},
  pages         = {260-273},
  doi           = {10.1088/0004-637X/712/1/260},
  archiveprefix = {arXiv},
  eprint        = {0907.1085},
  primaryclass  = {astro-ph.GA},
  adsurl        = {https://ui.adsabs.harvard.edu/abs/2010ApJ...712..260K},
  adsnote       = {Provided by the SAO/NASA Astrophysics Data System}
}


@article{Koposov+2019,
  author        = {{Koposov}, S.~E. and {Belokurov}, V. and {Li}, T.~S. and {Mateu}, C. and {Erkal}, D. and {Grillmair}, C.~J. and {Hendel}, D. and {Price-Whelan}, A.~M. and {Laporte}, C.~F.~P. and {Hawkins}, K. and {Sohn}, S.~T. and {del Pino}, A. and {Evans}, N.~W. and {Slater}, C.~T. and {Kallivayalil}, N. and {Navarro}, J.~F. and {Orphan Aspen Treasury Collaboration}},
  title         = {{Piercing the Milky Way: an all-sky view of the Orphan Stream}},
  journal       = {\mnras},
  keywords      = {Galaxy: halo, Galaxy: kinematics and dynamics, Galaxy: structure, galaxies: dwarf, galaxies: structure, Astrophysics - Astrophysics of Galaxies},
  year          = 2019,
  month         = jun,
  volume        = {485},
  number        = {4},
  pages         = {4726-4742},
  doi           = {10.1093/mnras/stz457},
  archiveprefix = {arXiv},
  eprint        = {1812.08172},
  primaryclass  = {astro-ph.GA},
  adsurl        = {https://ui.adsabs.harvard.edu/abs/2019MNRAS.485.4726K},
  adsnote       = {Provided by the SAO/NASA Astrophysics Data System}
}


@article{Koposov+2023,
  author        = {{Koposov}, Sergey E. and {Erkal}, Denis and {Li}, Ting S. and {Da Costa}, Gary S. and {Cullinane}, Lara R. and {Ji}, Alexander P. and {Kuehn}, Kyler and {Lewis}, Geraint F. and {Pace}, Andrew B. and {Shipp}, Nora and {Zucker}, Daniel B. and {Bland-Hawthorn}, Joss and {Lilleengen}, Sophia and {Martell}, Sarah L. and {S5 Collaboration}},
  title         = {{S $^{5}$: Probing the Milky Way and Magellanic Clouds potentials with the 6D map of the Orphan-Chenab stream}},
  journal       = {\mnras},
  keywords      = {Galaxy: evolution, Galaxy: halo, Galaxy: kinematics and dynamics, Galaxy: structure, Magellanic Clouds, Astrophysics - Astrophysics of Galaxies},
  year          = 2023,
  month         = jun,
  volume        = {521},
  number        = {4},
  pages         = {4936-4962},
  doi           = {10.1093/mnras/stad551},
  archiveprefix = {arXiv},
  eprint        = {2211.04495},
  primaryclass  = {astro-ph.GA},
  adsurl        = {https://ui.adsabs.harvard.edu/abs/2023MNRAS.521.4936K},
  adsnote       = {Provided by the SAO/NASA Astrophysics Data System}
}


@article{Kroupa2001,
  author        = {{Kroupa}, Pavel},
  title         = {{On the variation of the initial mass function}},
  journal       = {\mnras},
  keywords      = {BINARIES: GENERAL, STARS: FORMATION, STARS: KINEMATICS, STARS: LUMINOSITY FUNCTION, MASS FUNCTION, GLOBULAR CLUSTERS: GENERAL, OPEN CLUSTERS AND ASSOCIATIONS: GENERAL, Astrophysics},
  year          = 2001,
  month         = apr,
  volume        = {322},
  number        = {2},
  pages         = {231-246},
  doi           = {10.1046/j.1365-8711.2001.04022.x},
  archiveprefix = {arXiv},
  eprint        = {astro-ph/0009005},
  primaryclass  = {astro-ph},
  adsurl        = {https://ui.adsabs.harvard.edu/abs/2001MNRAS.322..231K},
  adsnote       = {Provided by the SAO/NASA Astrophysics Data System}
}


@article{Leung+2022,
  adsnote       = {Provided by the SAO/NASA Astrophysics Data System},
  adsurl        = {https://ui.adsabs.harvard.edu/abs/2022arXiv220412551L},
  archiveprefix = {arXiv},
  author        = {{Leung}, Henry W. and {Bovy}, Jo and {Mackereth}, J. Ted and {Hunt}, Jason A.~S. and {Lane}, Richard R. and {Wilson}, John C.},
  eid           = {arXiv:2204.12551},
  eprint        = {2204.12551},
  journal       = {arXiv e-prints},
  keywords      = {Astrophysics - Astrophysics of Galaxies},
  month         = apr,
  pages         = {arXiv:2204.12551},
  primaryclass  = {astro-ph.GA},
  title         = {{A direct measurement of the distance to the Galactic center using the kinematics of bar stars}},
  year          = 2022
}


@article{Li+2019,
  author        = {{Li}, T.~S. and {Koposov}, S.~E. and {Zucker}, D.~B. and {Lewis}, G.~F. and {Kuehn}, K. and {Simpson}, J.~D. and {Ji}, A.~P. and {Shipp}, N. and {Mao}, Y. -Y. and {Geha}, M. and {Pace}, A.~B. and {Mackey}, A.~D. and {Allam}, S. and {Tucker}, D.~L. and {Da Costa}, G.~S. and {Erkal}, D. and {Simon}, J.~D. and {Mould}, J.~R. and {Martell}, S.~L. and {Wan}, Z. and {De Silva}, G.~M. and {Bechtol}, K. and {Balbinot}, E. and {Belokurov}, V. and {Bland-Hawthorn}, J. and {Casey}, A.~R. and {Cullinane}, L. and {Drlica-Wagner}, A. and {Sharma}, S. and {Vivas}, A.~K. and {Wechsler}, R.~H. and {Yanny}, B. and {S5 Collaboration}},
  title         = {{The southern stellar stream spectroscopic survey (S$^{5}$): Overview, target selection, data reduction, validation, and early science}},
  journal       = {\mnras},
  keywords      = {globular clusters: general, galaxy: halo, galaxy: kinematics and dynamics, galaxies: dwarf, Astrophysics - Astrophysics of Galaxies},
  year          = 2019,
  month         = dec,
  volume        = {490},
  number        = {3},
  pages         = {3508-3531},
  doi           = {10.1093/mnras/stz2731},
  archiveprefix = {arXiv},
  eprint        = {1907.09481},
  primaryclass  = {astro-ph.GA},
  adsurl        = {https://ui.adsabs.harvard.edu/abs/2019MNRAS.490.3508L},
  adsnote       = {Provided by the SAO/NASA Astrophysics Data System}
}


@article{Li+2022,
  author        = {{Li}, Ting S. and {Ji}, Alexander P. and {Pace}, Andrew B. and {Erkal}, Denis and {Koposov}, Sergey E. and {Shipp}, Nora and {Da Costa}, Gary S. and {Cullinane}, Lara R. and {Kuehn}, Kyler and {Lewis}, Geraint F. and {Mackey}, Dougal and {Simpson}, Jeffrey D. and {Zucker}, Daniel B. and {Ferguson}, Peter S. and {Martell}, Sarah L. and {Bland-Hawthorn}, Joss and {Balbinot}, Eduardo and {Tavangar}, Kiyan and {Drlica-Wagner}, Alex and {De Silva}, Gayandhi M. and {Simon}, Joshua D.},
  title         = {{S $^{5}$: The Orbital and Chemical Properties of One Dozen Stellar Streams}},
  journal       = {\apj},
  keywords      = {Local Group, Milky Way Galaxy, Stellar streams, Globular star clusters, Dwarf galaxies, Stellar kinematics, 929, 1054, 2166, 656, 416, 1608, Astrophysics - Astrophysics of Galaxies},
  year          = 2022,
  month         = mar,
  volume        = {928},
  number        = {1},
  eid           = {30},
  pages         = {30},
  doi           = {10.3847/1538-4357/ac46d3},
  archiveprefix = {arXiv},
  eprint        = {2110.06950},
  primaryclass  = {astro-ph.GA},
  adsurl        = {https://ui.adsabs.harvard.edu/abs/2022ApJ...928...30L},
  adsnote       = {Provided by the SAO/NASA Astrophysics Data System}
}


@article{Lindegren+2021,
  author        = {{Lindegren}, L. and {Bastian}, U. and {Biermann}, M. and {Bombrun}, A. and {de Torres}, A. and {Gerlach}, E. and {Geyer}, R. and {Hern{\'a}ndez}, J. and {Hilger}, T. and {Hobbs}, D. and {Klioner}, S.~A. and {Lammers}, U. and {McMillan}, P.~J. and {Ramos-Lerate}, M. and {Steidelm{\"u}ller}, H. and {Stephenson}, C.~A. and {van Leeuwen}, F.},
  title         = {{Gaia Early Data Release 3. Parallax bias versus magnitude, colour, and position}},
  journal       = {\aap},
  keywords      = {astrometry, parallaxes, methods: data analysis, space vehicles: instruments, stars: distances, Astrophysics - Instrumentation and Methods for Astrophysics},
  year          = 2021,
  month         = may,
  volume        = {649},
  eid           = {A4},
  pages         = {A4},
  doi           = {10.1051/0004-6361/202039653},
  archiveprefix = {arXiv},
  eprint        = {2012.01742},
  primaryclass  = {astro-ph.IM},
  adsurl        = {https://ui.adsabs.harvard.edu/abs/2021A&A...649A...4L},
  adsnote       = {Provided by the SAO/NASA Astrophysics Data System}
}


@article{Luger+2021,
  author        = { {Luger}, Rodrigo and {Bedell}, Megan and {Foreman-Mackey}, Daniel and {Crossfield}, Ian J.~M. and {Zhao}, Lily L. and {Hogg}, David W.},
  title         = {{Mapping stellar surfaces III: An Efficient, Scalable, and Open-Source Doppler Imaging Model}},
  journal       = {arXiv e-prints},
  keywords      = {Astrophysics - Solar and Stellar Astrophysics, Astrophysics - Earth and Planetary Astrophysics, Astrophysics - Instrumentation and Methods for Astrophysics},
  year          = 2021,
  month         = oct,
  eid           = {arXiv:2110.06271},
  pages         = {arXiv:2110.06271},
  archiveprefix = {arXiv},
  eprint        = {2110.06271},
  primaryclass  = {astro-ph.SR},
  adsurl        = {https://ui.adsabs.harvard.edu/abs/2021arXiv211006271L},
  adsnote       = {Provided by the SAO/NASA Astrophysics Data System}
}


@article{Lynden-Bell1967,
  adsnote = {Provided by the SAO/NASA Astrophysics Data System},
  adsurl  = {https://ui.adsabs.harvard.edu/abs/Lynden-Bell1967},
  author  = {{Lynden-Bell}, D.},
  doi     = {10.1093/mnras/136.1.101},
  journal = {\mnras},
  month   = jan,
  pages   = {101},
  title   = {{Statistical mechanics of violent relaxation in stellar systems}},
  volume  = {136},
  year    = 1967
}

@article{Majewski+2003,
  author    = {{Majewski}, Steven R. and {Skrutskie}, M. F. and {Weinberg}, Martin D. and {Ostheimer}, James C.},
  doi       = {10.1086/379504},
  journal   = {The Astrophysical Journal},
  month     = {dec},
  number    = {2},
  pages     = {1082--1115},
  publisher = {American Astronomical Society},
  title     = {A Two Micron All Sky Survey View of the Sagittarius Dwarf Galaxy. I. Morphology of the Sagittarius Core and Tidal Arms},
  url       = {https://doi.org/10.1086/379504},
  volume    = {599},
  year      = 2003
}


@article{Mateu2022,
  adsnote       = {Provided by the SAO/NASA Astrophysics Data System},
  adsurl        = {https://ui.adsabs.harvard.edu/abs/Mateu2022},
  archiveprefix = {arXiv},
  author        = {{Mateu}, Cecilia},
  eid           = {arXiv:2204.10326},
  eprint        = {2204.10326},
  journal       = {arXiv e-prints},
  keywords      = {Astrophysics - Astrophysics of Galaxies},
  month         = apr,
  pages         = {arXiv:2204.10326},
  primaryclass  = {astro-ph.GA},
  title         = {{galstreams: A Library of Milky Way Stellar Stream Footprints and Tracks}},
  year          = 2022
}

@inproceedings{McLachlanBasford1989,
  booktitle = {Mixture models : inference and applications to clustering},
  author    = {{McLachlan}, Geoffrey J. and {Basford}, Kaye E.},
  year      = {1989},
  url       = {https://api.semanticscholar.org/CorpusID:119405289}
}


@misc{nflows,
  author    = {Conor Durkan and
               Artur Bekasov and
               Iain Murray and
               George Papamakarios},
  title     = {{nflows}: normalizing flows in {PyTorch}},
  month     = nov,
  year      = 2020,
  publisher = {Zenodo},
  version   = {v0.14},
  doi       = {10.5281/zenodo.4296287},
  url       = {https://doi.org/10.5281/zenodo.4296287}
}


@article{Nibauer+2022,
  author        = {{Nibauer}, Jacob and {Belokurov}, Vasily and {Cranmer}, Miles and {Goodman}, Jeremy and {Ho}, Shirley},
  title         = {{Charting Galactic Accelerations with Stellar Streams and Machine Learning}},
  journal       = {\apj},
  keywords      = {Galaxy dynamics, Stellar streams, Galaxy mass distribution, Galaxy stellar halos, Milky Way dark matter halo, Galaxy structure, 591, 2166, 606, 598, 1049, 622, Astrophysics - Astrophysics of Galaxies, Astrophysics - Instrumentation and Methods for Astrophysics},
  year          = 2022,
  month         = nov,
  volume        = {940},
  number        = {1},
  eid           = {22},
  pages         = {22},
  doi           = {10.3847/1538-4357/ac93ee},
  archiveprefix = {arXiv},
  eprint        = {2205.11767},
  primaryclass  = {astro-ph.GA},
  adsurl        = {https://ui.adsabs.harvard.edu/abs/2022ApJ...940...22N},
  adsnote       = {Provided by the SAO/NASA Astrophysics Data System}
}


@article{Odenkirchen+2001,
  author        = {{Odenkirchen}, Michael and {Grebel}, Eva K. and {Rockosi}, Constance M. and {Dehnen}, Walter and {Ibata}, Rodrigo and {Rix}, Hans-Walter and {Stolte}, Andrea and {Wolf}, Christian and {Anderson}, John E., Jr. and {Bahcall}, Neta A. and {Brinkmann}, Jon and {Csabai}, Istv{\'a}n and {Hennessy}, G. and {Hindsley}, Robert B. and {Ivezi{\'c}}, {\v{Z}}eljko and {Lupton}, Robert H. and {Munn}, Jeffrey A. and {Pier}, Jeffrey R. and {Stoughton}, Chris and {York}, Donald G.},
  title         = {{Detection of Massive Tidal Tails around the Globular Cluster Palomar 5 with Sloan Digital Sky Survey Commissioning Data}},
  journal       = {\apjl},
  keywords      = {Galaxy: Halo, Galaxy: Kinematics and Dynamics, Galaxy: Structure, Galaxy: Globular Clusters:: Individual Name: Palomar 5, Astrophysics},
  year          = 2001,
  month         = feb,
  volume        = {548},
  number        = {2},
  pages         = {L165-L169},
  doi           = {10.1086/319095},
  archiveprefix = {arXiv},
  eprint        = {astro-ph/0012311},
  primaryclass  = {astro-ph},
  adsurl        = {https://ui.adsabs.harvard.edu/abs/2001ApJ...548L.165O},
  adsnote       = {Provided by the SAO/NASA Astrophysics Data System}
}


@article{Odenkirchen2003,
  author        = {{Odenkirchen}, Michael and {Grebel}, Eva K. and {Dehnen}, Walter and {Rix}, Hans-Walter and {Yanny}, Brian and {Newberg}, Heidi Jo and {Rockosi}, Constance M. and {Mart{\'\i}nez-Delgado}, David and {Brinkmann}, Jon and {Pier}, Jeffrey R.},
  title         = {{The Extended Tails of Palomar 5: A 10{\textdegree} Arc of Globular Cluster Tidal Debris}},
  journal       = {\aj},
  keywords      = {Galaxy: Halo, Galaxy: Globular Clusters: General, Galaxy: Globular Clusters: Individual: Name: Palomar 5, Astrophysics},
  year          = 2003,
  month         = nov,
  volume        = {126},
  number        = {5},
  pages         = {2385-2407},
  doi           = {10.1086/378601},
  archiveprefix = {arXiv},
  eprint        = {astro-ph/0307446},
  primaryclass  = {astro-ph},
  adsurl        = {https://ui.adsabs.harvard.edu/abs/2003AJ....126.2385O},
  adsnote       = {Provided by the SAO/NASA Astrophysics Data System}
}


@article{Owen1956,
  title    = {Tables for Computing Bivariate Normal Probabilities},
  volume   = {27},
  issn     = {0003-4851},
  url      = {http://projecteuclid.org/euclid.aoms/1177728074},
  doi      = {10.1214/aoms/1177728074},
  number   = {4},
  journal  = {The Annals of Mathematical Statistics},
  author   = {Owen, Donald B.},
  year     = {1956},
  month    = {Dec},
  pages    = {1075–1090},
  language = {en}
}


@article{PanSTARRS1,
  author        = {{Chambers}, K.~C. and {Magnier}, E.~A. and {Metcalfe}, N. and {Flewelling}, H.~A. and {Huber}, M.~E. and {Waters}, C.~Z. and {Denneau}, L. and {Draper}, P.~W. and {Farrow}, D. and {Finkbeiner}, D.~P. and {Holmberg}, C. and {Koppenhoefer}, J. and {Price}, P.~A. and {Rest}, A. and {Saglia}, R.~P. and {Schlafly}, E.~F. and {Smartt}, S.~J. and {Sweeney}, W. and {Wainscoat}, R.~J. and {Burgett}, W.~S. and {Chastel}, S. and {Grav}, T. and {Heasley}, J.~N. and {Hodapp}, K.~W. and {Jedicke}, R. and {Kaiser}, N. and {Kudritzki}, R. -P. and {Luppino}, G.~A. and {Lupton}, R.~H. and {Monet}, D.~G. and {Morgan}, J.~S. and {Onaka}, P.~M. and {Shiao}, B. and {Stubbs}, C.~W. and {Tonry}, J.~L. and {White}, R. and {Ba{\~n}ados}, E. and {Bell}, E.~F. and {Bender}, R. and {Bernard}, E.~J. and {Boegner}, M. and {Boffi}, F. and {Botticella}, M.~T. and {Calamida}, A. and {Casertano}, S. and {Chen}, W. -P. and {Chen}, X. and {Cole}, S. and {Deacon}, N. and {Frenk}, C. and {Fitzsimmons}, A. and {Gezari}, S. and {Gibbs}, V. and {Goessl}, C. and {Goggia}, T. and {Gourgue}, R. and {Goldman}, B. and {Grant}, P. and {Grebel}, E.~K. and {Hambly}, N.~C. and {Hasinger}, G. and {Heavens}, A.~F. and {Heckman}, T.~M. and {Henderson}, R. and {Henning}, T. and {Holman}, M. and {Hopp}, U. and {Ip}, W. -H. and {Isani}, S. and {Jackson}, M. and {Keyes}, C.~D. and {Koekemoer}, A.~M. and {Kotak}, R. and {Le}, D. and {Liska}, D. and {Long}, K.~S. and {Lucey}, J.~R. and {Liu}, M. and {Martin}, N.~F. and {Masci}, G. and {McLean}, B. and {Mindel}, E. and {Misra}, P. and {Morganson}, E. and {Murphy}, D.~N.~A. and {Obaika}, A. and {Narayan}, G. and {Nieto-Santisteban}, M.~A. and {Norberg}, P. and {Peacock}, J.~A. and {Pier}, E.~A. and {Postman}, M. and {Primak}, N. and {Rae}, C. and {Rai}, A. and {Riess}, A. and {Riffeser}, A. and {Rix}, H.~W. and {R{\"o}ser}, S. and {Russel}, R. and {Rutz}, L. and {Schilbach}, E. and {Schultz}, A.~S.~B. and {Scolnic}, D. and {Strolger}, L. and {Szalay}, A. and {Seitz}, S. and {Small}, E. and {Smith}, K.~W. and {Soderblom}, D.~R. and {Taylor}, P. and {Thomson}, R. and {Taylor}, A.~N. and {Thakar}, A.~R. and {Thiel}, J. and {Thilker}, D. and {Unger}, D. and {Urata}, Y. and {Valenti}, J. and {Wagner}, J. and {Walder}, T. and {Walter}, F. and {Watters}, S.~P. and {Werner}, S. and {Wood-Vasey}, W.~M. and {Wyse}, R.},
  title         = {{The Pan-STARRS1 Surveys}},
  journal       = {arXiv e-prints},
  keywords      = {Astrophysics - Instrumentation and Methods for Astrophysics, Astrophysics - Earth and Planetary Astrophysics, Astrophysics - Astrophysics of Galaxies, Astrophysics - Solar and Stellar Astrophysics},
  year          = 2016,
  month         = dec,
  eid           = {arXiv:1612.05560},
  pages         = {arXiv:1612.05560},
  doi           = {10.48550/arXiv.1612.05560},
  archiveprefix = {arXiv},
  eprint        = {1612.05560},
  primaryclass  = {astro-ph.IM},
  adsurl        = {https://ui.adsabs.harvard.edu/abs/2016arXiv161205560C},
  adsnote       = {Provided by the SAO/NASA Astrophysics Data System}
}


@article{Patrick+2022,
  author        = {{Patrick}, Jeffrey M. and {Koposov}, Sergey E. and {Walker}, Matthew G.},
  title         = {{Uniform modelling of the stellar density of thirteen tidal streams within the Galactic halo}},
  journal       = {\mnras},
  keywords      = {globular clusters: general, Galaxy: structure, galaxies: dwarf, Local Group, Astrophysics - Astrophysics of Galaxies},
  year          = 2022,
  month         = aug,
  volume        = {514},
  number        = {2},
  pages         = {1757-1781},
  doi           = {10.1093/mnras/stac1478},
  archiveprefix = {arXiv},
  eprint        = {2206.04241},
  primaryclass  = {astro-ph.GA},
  adsurl        = {https://ui.adsabs.harvard.edu/abs/2022MNRAS.514.1757P},
  adsnote       = {Provided by the SAO/NASA Astrophysics Data System}
}


@article{Pearson+2017,
  author        = {{Pearson}, Sarah and {Price-Whelan}, Adrian M. and {Johnston}, Kathryn V.},
  title         = {{Gaps and length asymmetry in the stellar stream Palomar 5 as effects of Galactic bar rotation}},
  journal       = {Nature Astronomy},
  keywords      = {Astrophysics - Astrophysics of Galaxies},
  year          = 2017,
  month         = aug,
  volume        = {1},
  pages         = {633-639},
  doi           = {10.1038/s41550-017-0220-3},
  archiveprefix = {arXiv},
  eprint        = {1703.04627},
  primaryclass  = {astro-ph.GA},
  adsurl        = {https://ui.adsabs.harvard.edu/abs/2017NatAs...1..633P},
  adsnote       = {Provided by the SAO/NASA Astrophysics Data System}
}


@article{Price-Whelan+2019,
  author        = {{Price-Whelan}, Adrian M. and {Mateu}, Cecilia and {Iorio}, Giuliano and {Pearson}, Sarah and {Bonaca}, Ana and {Belokurov}, Vasily},
  title         = {{Kinematics of the Palomar 5 Stellar Stream from RR Lyrae Stars}},
  journal       = {\aj},
  keywords      = {Globular star clusters, RR Lyrae variable stars, Milky Way stellar halo, Milky Way dynamics, 656, 1410, 1060, 1051, Astrophysics - Astrophysics of Galaxies},
  year          = 2019,
  month         = dec,
  volume        = {158},
  number        = {6},
  eid           = {223},
  pages         = {223},
  doi           = {10.3847/1538-3881/ab4cef},
  archiveprefix = {arXiv},
  eprint        = {1910.00595},
  primaryclass  = {astro-ph.GA},
  adsurl        = {https://ui.adsabs.harvard.edu/abs/2019AJ....158..223P},
  adsnote       = {Provided by the SAO/NASA Astrophysics Data System}
}


@article{Price-WhelanBonaca2018,
  adsnote       = {Provided by the SAO/NASA Astrophysics Data System},
  adsurl        = {https://ui.adsabs.harvard.edu/abs/2018ApJ...863L..20P},
  archiveprefix = {arXiv},
  author        = {{Price-Whelan}, Adrian M. and {Bonaca}, Ana},
  doi           = {10.3847/2041-8213/aad7b5},
  eid           = {L20},
  eprint        = {1805.00425},
  journal       = {\apjl},
  keywords      = {dark matter, Galaxy: halo, Galaxy: kinematics and dynamics, Astrophysics - Astrophysics of Galaxies},
  month         = aug,
  number        = {2},
  pages         = {L20},
  primaryclass  = {astro-ph.GA},
  title         = {{Off the Beaten Path: Gaia Reveals GD-1 Stars outside of the Main Stream}},
  volume        = {863},
  year          = 2018
}


@article{Pytorch2019,
  author        = {{Paszke}, Adam and {Gross}, Sam and {Massa}, Francisco and {Lerer}, Adam and {Bradbury}, James and {Chanan}, Gregory and {Killeen}, Trevor and {Lin}, Zeming and {Gimelshein}, Natalia and {Antiga}, Luca and {Desmaison}, Alban and {K{\"o}pf}, Andreas and {Yang}, Edward and {DeVito}, Zach and {Raison}, Martin and {Tejani}, Alykhan and {Chilamkurthy}, Sasank and {Steiner}, Benoit and {Fang}, Lu and {Bai}, Junjie and {Chintala}, Soumith},
  title         = {{PyTorch: An Imperative Style, High-Performance Deep Learning Library}},
  journal       = {arXiv e-prints},
  keywords      = {Computer Science - Machine Learning, Computer Science - Mathematical Software, Statistics - Machine Learning},
  year          = 2019,
  month         = dec,
  eid           = {arXiv:1912.01703},
  pages         = {arXiv:1912.01703},
  doi           = {10.48550/arXiv.1912.01703},
  archiveprefix = {arXiv},
  eprint        = {1912.01703},
  primaryclass  = {cs.LG},
  adsurl        = {https://ui.adsabs.harvard.edu/abs/2019arXiv191201703P},
  adsnote       = {Provided by the SAO/NASA Astrophysics Data System}
}

@article{RezendeMohamed2015,
  author        = {{Jimenez Rezende}, Danilo and {Mohamed}, Shakir},
  title         = {{Variational Inference with Normalizing Flows}},
  journal       = {arXiv e-prints},
  keywords      = {Statistics - Machine Learning, Computer Science - Artificial Intelligence, Computer Science - Machine Learning, Statistics - Computation, Statistics - Methodology},
  year          = 2015,
  month         = may,
  eid           = {arXiv:1505.05770},
  pages         = {arXiv:1505.05770},
  doi           = {10.48550/arXiv.1505.05770},
  archiveprefix = {arXiv},
  eprint        = {1505.05770},
  primaryclass  = {stat.ML},
  adsurl        = {https://ui.adsabs.harvard.edu/abs/2015arXiv150505770J},
  adsnote       = {Provided by the SAO/NASA Astrophysics Data System}
}


@article{Rippel2013,
  author        = {{Rippel}, Oren and {Prescott Adams}, Ryan},
  title         = {{High-Dimensional Probability Estimation with Deep Density Models}},
  journal       = {arXiv e-prints},
  keywords      = {Statistics - Machine Learning, Computer Science - Machine Learning},
  year          = 2013,
  month         = feb,
  eid           = {arXiv:1302.5125},
  pages         = {arXiv:1302.5125},
  doi           = {10.48550/arXiv.1302.5125},
  archiveprefix = {arXiv},
  eprint        = {1302.5125},
  primaryclass  = {stat.ML},
  adsurl        = {https://ui.adsabs.harvard.edu/abs/2013arXiv1302.5125R},
  adsnote       = {Provided by the SAO/NASA Astrophysics Data System}
}


@article{Rockosi+2002,
  adsnote  = {Provided by the SAO/NASA Astrophysics Data System},
  adsurl   = {https://ui.adsabs.harvard.edu/abs/2002AJ....124..349R/abstract},
  author   = {{Rockosi}, Constance M. and {Odenkirchen}, Michael and {Grebel}, Eva K. and {Dehnen}, Walter and {Cudworth}, Kyle M. and {Gunn}, James E. and {York}, Donald G. and {Brinkmann}, J. and {Hennessy}, G.~S. and {Ivezi{\'c}}, {\v{Z}}eljko},
  doi      = {10.1086/340957},
  journal  = {\aj},
  keywords = {Galaxy: Halo, Galaxy: Kinematics and Dynamics, Galaxy: Structure, Galaxy: Globular Clusters: Individual: Name: Palomar 5},
  month    = jul,
  number   = {1},
  pages    = {349-363},
  title    = {{A Matched-Filter Analysis of the Tidal Tails of the Globular Cluster Palomar 5}},
  volume   = {124},
  year     = 2002
}


@article{Ross+1997,
  adsnote  = {Provided by the SAO/NASA Astrophysics Data System},
  adsurl   = {https://ui.adsabs.harvard.edu/abs/1997MNRAS.284..811R},
  author   = {{Ross}, David J. and {Mennim}, Andrew and {Heggie}, Douglas C.},
  doi      = {10.1093/mnras/284.4.811},
  journal  = {\mnras},
  keywords = {GRAVITATION, CELESTIAL MECHANICS, STELLAR DYNAMICS, GLOBULAR CLUSTERS: GENERAL, OPEN CLUSTERS AND ASSOCIATIONS: GENERAL.},
  month    = {Feb},
  number   = {4},
  pages    = {811-814},
  title    = {{Escape from a tidally limited star cluster}},
  volume   = {284},
  year     = {1997}
}


@article{Scipy2020,
  author        = {{Virtanen}, Pauli and {Gommers}, Ralf and {Oliphant}, Travis E. and {Haberland}, Matt and {Reddy}, Tyler and {Cournapeau}, David and {Burovski}, Evgeni and {Peterson}, Pearu and {Weckesser}, Warren and {Bright}, Jonathan and {van der Walt}, St{\'e}fan J. and {Brett}, Matthew and {Wilson}, Joshua and {Millman}, K. Jarrod and {Mayorov}, Nikolay and {Nelson}, Andrew R.~J. and {Jones}, Eric and {Kern}, Robert and {Larson}, Eric and {Carey}, C.~J. and {Polat}, {\.I}lhan and {Feng}, Yu and {Moore}, Eric W. and {VanderPlas}, Jake and {Laxalde}, Denis and {Perktold}, Josef and {Cimrman}, Robert and {Henriksen}, Ian and {Quintero}, E.~A. and {Harris}, Charles R. and {Archibald}, Anne M. and {Ribeiro}, Ant{\^o}nio H. and {Pedregosa}, Fabian and {van Mulbregt}, Paul and {SciPy 1. 0 Contributors}},
  title         = {{SciPy 1.0: fundamental algorithms for scientific computing in Python}},
  journal       = {Nature Methods},
  keywords      = {Computer Science - Mathematical Software, Computer Science - Data Structures and Algorithms, Computer Science - Software Engineering, Physics - Computational Physics},
  year          = 2020,
  month         = feb,
  volume        = {17},
  pages         = {261-272},
  doi           = {10.1038/s41592-019-0686-2},
  archiveprefix = {arXiv},
  eprint        = {1907.10121},
  primaryclass  = {cs.MS},
  adsurl        = {https://ui.adsabs.harvard.edu/abs/2020NatMe..17..261V},
  adsnote       = {Provided by the SAO/NASA Astrophysics Data System}
}


@article{SearleZinn1978,
  adsnote  = {Provided by the SAO/NASA Astrophysics Data System},
  adsurl   = {https://ui.adsabs.harvard.edu/abs/1978ApJ...225..357S},
  author   = {{Searle}, L. and {Zinn}, R.},
  doi      = {10.1086/156499},
  journal  = {\apj},
  keywords = {Abundance, Galactic Structure, Globular Clusters, Halos, Milky Way Galaxy, Red Giant Stars, Stellar Spectra, Carbon, Dwarf Stars, Galactic Evolution, Nitrogen, Oxygen, Astrophysics, Element Abundances:Globular Clusters, Formation:Galactic Halo, Galactic Halo:Globular Clusters, Globular Clusters:Red Giants},
  month    = oct,
  pages    = {357-379},
  title    = {{Composition of halo clusters and the formation of the galactic halo.}},
  volume   = {225},
  year     = 1978
}


@article{Shih+2022,
  author        = {{Shih}, David and {Buckley}, Matthew R. and {Necib}, Lina and {Tamanas}, John},
  title         = {{VIA MACHINAE: Searching for stellar streams using unsupervised machine learning}},
  journal       = {\mnras},
  keywords      = {stars: kinematics and dynamics, galaxy: stellar content, galaxy: structure, Astrophysics - Astrophysics of Galaxies, High Energy Physics - Phenomenology, Physics - Data Analysis, Statistics and Probability},
  year          = 2022,
  month         = feb,
  volume        = {509},
  number        = {4},
  pages         = {5992-6007},
  doi           = {10.1093/mnras/stab3372},
  archiveprefix = {arXiv},
  eprint        = {2104.12789},
  primaryclass  = {astro-ph.GA},
  adsurl        = {https://ui.adsabs.harvard.edu/abs/2022MNRAS.509.5992S},
  adsnote       = {Provided by the SAO/NASA Astrophysics Data System}
}


@article{Shipp+2018,
  author        = {{Shipp}, N. and {Drlica-Wagner}, A. and {Balbinot}, E. and {Ferguson}, P. and {Erkal}, D. and {Li}, T.~S. and {Bechtol}, K. and {Belokurov}, V. and {Buncher}, B. and {Carollo}, D. and {Carrasco Kind}, M. and {Kuehn}, K. and {Marshall}, J.~L. and {Pace}, A.~B. and {Rykoff}, E.~S. and {Sevilla-Noarbe}, I. and {Sheldon}, E. and {Strigari}, L. and {Vivas}, A.~K. and {Yanny}, B. and {Zenteno}, A. and {Abbott}, T.~M.~C. and {Abdalla}, F.~B. and {Allam}, S. and {Avila}, S. and {Bertin}, E. and {Brooks}, D. and {Burke}, D.~L. and {Carretero}, J. and {Castander}, F.~J. and {Cawthon}, R. and {Crocce}, M. and {Cunha}, C.~E. and {D'Andrea}, C.~B. and {da Costa}, L.~N. and {Davis}, C. and {De Vicente}, J. and {Desai}, S. and {Diehl}, H.~T. and {Doel}, P. and {Evrard}, A.~E. and {Flaugher}, B. and {Fosalba}, P. and {Frieman}, J. and {Garc{\'\i}a-Bellido}, J. and {Gaztanaga}, E. and {Gerdes}, D.~W. and {Gruen}, D. and {Gruendl}, R.~A. and {Gschwend}, J. and {Gutierrez}, G. and {Hartley}, W. and {Honscheid}, K. and {Hoyle}, B. and {James}, D.~J. and {Johnson}, M.~D. and {Krause}, E. and {Kuropatkin}, N. and {Lahav}, O. and {Lin}, H. and {Maia}, M.~A.~G. and {March}, M. and {Martini}, P. and {Menanteau}, F. and {Miller}, C.~J. and {Miquel}, R. and {Nichol}, R.~C. and {Plazas}, A.~A. and {Romer}, A.~K. and {Sako}, M. and {Sanchez}, E. and {Santiago}, B. and {Scarpine}, V. and {Schindler}, R. and {Schubnell}, M. and {Smith}, M. and {Smith}, R.~C. and {Sobreira}, F. and {Suchyta}, E. and {Swanson}, M.~E.~C. and {Tarle}, G. and {Thomas}, D. and {Tucker}, D.~L. and {Walker}, A.~R. and {Wechsler}, R.~H. and {DES Collaboration}},
  title         = {{Stellar Streams Discovered in the Dark Energy Survey}},
  journal       = {\apj},
  keywords      = {Galaxy: halo, Galaxy: structure, Local Group, Astrophysics - Astrophysics of Galaxies, Astrophysics - Cosmology and Nongalactic Astrophysics},
  year          = 2018,
  month         = aug,
  volume        = {862},
  number        = {2},
  eid           = {114},
  pages         = {114},
  doi           = {10.3847/1538-4357/aacdab},
  archiveprefix = {arXiv},
  eprint        = {1801.03097},
  primaryclass  = {astro-ph.GA},
  adsurl        = {https://ui.adsabs.harvard.edu/abs/2018ApJ...862..114S},
  adsnote       = {Provided by the SAO/NASA Astrophysics Data System}
}


@article{Siegal-GaskinsValluri2009,
  author        = {{Siegal-Gaskins}, Jennifer M. and {Valluri}, Monica},
  title         = {{Signatures of {\ensuremath{\Lambda}}CDM Substructure in Tidal Debris}},
  journal       = {\apj},
  keywords      = {cosmology: theory, dark matter, galaxies: structure, methods: N-body simulations, Astrophysics},
  year          = 2008,
  month         = jul,
  volume        = {681},
  number        = {1},
  pages         = {40-52},
  doi           = {10.1086/587450},
  archiveprefix = {arXiv},
  eprint        = {0710.0385},
  primaryclass  = {astro-ph},
  adsurl        = {https://ui.adsabs.harvard.edu/abs/2008ApJ...681...40S},
  adsnote       = {Provided by the SAO/NASA Astrophysics Data System}
}


@article{Starkman+2019,
  adsnote       = {Provided by the SAO/NASA Astrophysics Data System},
  adsurl        = {https://ui.adsabs.harvard.edu/abs/2019arXiv190903048S},
  archiveprefix = {arXiv},
  author        = {{Starkman}, Nathaniel and {Bovy}, Jo and {Webb}, Jeremy},
  eid           = {arXiv:1909.03048},
  eprint        = {1909.03048},
  journal       = {arXiv e-prints},
  keywords      = {Astrophysics - Astrophysics of Galaxies},
  month         = {Sep},
  pages         = {arXiv:1909.03048},
  primaryclass  = {astro-ph.GA},
  title         = {{An extended Pal 5 stream in Gaia DR2}},
  year          = {2019}
}


@article{Starkman+2023,
  author        = {{Starkman}, Nathaniel and {Bovy}, Jo and {Webb}, Jeremy J. and {Calvetti}, Daniela and {Somersalo}, Erkki},
  title         = {{On the fast track: Rapid construction of stellar stream paths}},
  journal       = {\mnras},
  keywords      = {methods: data analysis, methods: statistical, Galaxy: kinematics and dynamics, Galaxy: structure, Astrophysics - Astrophysics of Galaxies},
  year          = 2023,
  month         = jul,
  volume        = {522},
  number        = {4},
  pages         = {5022-5036},
  doi           = {10.1093/mnras/stad1166},
  archiveprefix = {arXiv},
  eprint        = {2212.00949},
  primaryclass  = {astro-ph.GA},
  adsurl        = {https://ui.adsabs.harvard.edu/abs/2023MNRAS.522.5022S},
  adsnote       = {Provided by the SAO/NASA Astrophysics Data System}
}

@article{STREAMFINDER,
  author        = {{Malhan}, Khyati and {Ibata}, Rodrigo A.},
  title         = {{STREAMFINDER - I. A new algorithm for detecting stellar streams}},
  journal       = {\mnras},
  keywords      = {stars: kinematics and dynamics, Galaxy: halo, Galaxy: kinematics and dynamics, Galaxy: structure, Astrophysics - Astrophysics of Galaxies},
  year          = 2018,
  month         = jul,
  volume        = {477},
  number        = {3},
  pages         = {4063-4076},
  doi           = {10.1093/mnras/sty912},
  archiveprefix = {arXiv},
  eprint        = {1804.11338},
  primaryclass  = {astro-ph.GA},
  adsurl        = {https://ui.adsabs.harvard.edu/abs/2018MNRAS.477.4063M},
  adsnote       = {Provided by the SAO/NASA Astrophysics Data System}
}


@article{VasilievBaumgardt2021,
  author        = {{Vasiliev}, Eugene and {Baumgardt}, Holger},
  title         = {{Gaia EDR3 view on galactic globular clusters}},
  journal       = {\mnras},
  keywords      = {parallaxes, proper motions, globular clusters: general, Galaxy: kinematics and dynamics, Astrophysics - Astrophysics of Galaxies},
  year          = 2021,
  month         = aug,
  volume        = {505},
  number        = {4},
  pages         = {5978-6002},
  doi           = {10.1093/mnras/stab1475},
  archiveprefix = {arXiv},
  eprint        = {2102.09568},
  primaryclass  = {astro-ph.GA},
  adsurl        = {https://ui.adsabs.harvard.edu/abs/2021MNRAS.505.5978V},
  adsnote       = {Provided by the SAO/NASA Astrophysics Data System}
}


@article{WannierWrixon1972,
  adsnote = {Provided by the SAO/NASA Astrophysics Data System},
  adsurl  = {https://ui.adsabs.harvard.edu/abs/1972ApJ...173L.119W},
  author  = {{Wannier}, P. and {Wrixon}, G.~T.},
  doi     = {10.1086/180930},
  journal = {\apjl},
  month   = may,
  pages   = {L119},
  title   = {{An Unusual High-Velocity Hydrogen Feature}},
  volume  = {173},
  year    = 1972
}


@article{Webb+2019,
  author        = {{Webb}, Jeremy J. and {Bovy}, Jo and {Carlberg}, Raymond G. and {Gieles}, Mark},
  title         = {{Modelling the effects of dark matter substructure on globular cluster evolution with the tidal approximation}},
  journal       = {\mnras},
  keywords      = {galaxies: star clusters: general, galaxies: structure, dark matter, Astrophysics - Astrophysics of Galaxies},
  year          = 2019,
  month         = oct,
  volume        = {488},
  number        = {4},
  pages         = {5748-5762},
  doi           = {10.1093/mnras/stz2118},
  archiveprefix = {arXiv},
  eprint        = {1907.13132},
  primaryclass  = {astro-ph.GA},
  adsurl        = {https://ui.adsabs.harvard.edu/abs/2019MNRAS.488.5748W},
  adsnote       = {Provided by the SAO/NASA Astrophysics Data System}
}


@article{WebbBovy2019,
  adsnote       = {Provided by the SAO/NASA Astrophysics Data System},
  adsurl        = {https://ui.adsabs.harvard.edu/abs/2019MNRAS.485.5929W},
  archiveprefix = {arXiv},
  author        = {{Webb}, Jeremy J. and {Bovy}, Jo},
  doi           = {10.1093/mnras/stz867},
  eprint        = {1811.07022},
  journal       = {\mnras},
  keywords      = {galaxies: star clusters: general, galaxies: structure, cosmology: dark matter, Astrophysics - Astrophysics of Galaxies},
  month         = jun,
  number        = {4},
  pages         = {5929-5938},
  primaryclass  = {astro-ph.GA},
  title         = {{Searching for the GD-1 stream progenitor in Gaia DR2 with direct N-body simulations}},
  volume        = {485},
  year          = 2019
}


@article{WebbBovy2022,
  author        = {{Webb}, Jeremy J. and {Bovy}, Jo},
  title         = {{Variation in the stellar mass function along stellar streams}},
  journal       = {\mnras},
  keywords      = {galaxies: star clusters: general, galaxies: structure, dark matter, Astrophysics - Astrophysics of Galaxies},
  year          = 2022,
  month         = feb,
  volume        = {510},
  number        = {1},
  pages         = {774-785},
  doi           = {10.1093/mnras/stab3451},
  archiveprefix = {arXiv},
  eprint        = {2108.02217},
  primaryclass  = {astro-ph.GA},
  adsurl        = {https://ui.adsabs.harvard.edu/abs/2022MNRAS.510..774W},
  adsnote       = {Provided by the SAO/NASA Astrophysics Data System}
}


@article{Yoon+2011,
  author        = {{Yoon}, Joo Heon and {Johnston}, Kathryn V. and {Hogg}, David W.},
  title         = {{Clumpy Streams from Clumpy Halos: Detecting Missing Satellites with Cold Stellar Structures}},
  journal       = {\apj},
  keywords      = {cosmology: theory, dark matter, Galaxy: halo, Galaxy: kinematics and dynamics, Galaxy: structure, Astrophysics - Astrophysics of Galaxies},
  year          = 2011,
  month         = apr,
  volume        = {731},
  number        = {1},
  eid           = {58},
  pages         = {58},
  doi           = {10.1088/0004-637X/731/1/58},
  archiveprefix = {arXiv},
  eprint        = {1012.2884},
  primaryclass  = {astro-ph.GA},
  adsurl        = {https://ui.adsabs.harvard.edu/abs/2011ApJ...731...58Y},
  adsnote       = {Provided by the SAO/NASA Astrophysics Data System}
}


@misc{zuko,
  title        = {Zuko 0.2.0},
  doi          = {10.5281/zenodo.7813846},
  abstractnote = {<p>�� Breaking news</p> <p>We decided to drop the support for older PyTorch versions (1.11 and below) as it made it much more difficult to implement some features, especially ones relying on automatic differentiation. PyTorch 1.12 has been around for about a year and is compatible with all CUDA drivers since 10.2.</p> <p>✨ What&#39;s new</p> <ul> <li>Add `rsample_and_log_prob` method to generate samples with their log-probability (#18, #19)</li> <li>Add LU-factorized linear transformation inspired by `nflows`&#39;s `LULinear` (9c742332012377ce3fd8892cd95268198b1c89d2)</li> </ul> <p>�� Bug fixes</p> <ul> <li>Fix `_call` not implemented error `call_and_ladj` (#14) by @felixdivo</li> </ul> <p>**Full Changelog**: https://github.com/francois-rozet/zuko/compare/0.1.4.0.2.0</p>},
  publisher    = {Zenodo},
  author       = {Rozet, François},
  year         = {2023},
  month        = {Apr}
}


@ARTICLE{2008MNRAS.386L..47B,
       author = {{Binney}, James},
        title = "{Fitting orbits to tidal streams}",
      journal = {\mnras},
     keywords = {stellar dynamics, methods: N-body simulations, Galaxy: kinematics and dynamics, Galaxy: structure, Astrophysics},
         year = 2008,
        month = may,
       volume = {386},
       number = {1},
        pages = {L47-L51},
          doi = {10.1111/j.1745-3933.2008.00458.x},
archivePrefix = {arXiv},
       eprint = {0802.1485},
 primaryClass = {astro-ph},
       adsurl = {https://ui.adsabs.harvard.edu/abs/2008MNRAS.386L..47B},
      adsnote = {Provided by the SAO/NASA Astrophysics Data System}
}

@ARTICLE{2013MNRAS.433.1826S,
       author = {{Sanders}, Jason L. and {Binney}, James},
        title = "{Stream-orbit misalignment - II. A new algorithm to constrain the Galactic potential}",
      journal = {\mnras},
     keywords = {methods: numerical, Galaxy: halo, Galaxy: kinematics and dynamics, Galaxy: structure, galaxies: kinematics and dynamics, Astrophysics - Astrophysics of Galaxies},
         year = 2013,
        month = aug,
       volume = {433},
       number = {3},
        pages = {1826-1836},
          doi = {10.1093/mnras/stt816},
archivePrefix = {arXiv},
       eprint = {1305.1937},
 primaryClass = {astro-ph.GA},
       adsurl = {https://ui.adsabs.harvard.edu/abs/2013MNRAS.433.1826S},
      adsnote = {Provided by the SAO/NASA Astrophysics Data System}
}

@ARTICLE{2014A&A...563A..60A,
       author = {{Antoja}, T. and {Helmi}, A. and {Dehnen}, W. and {Bienaym{\'e}}, O. and {Bland-Hawthorn}, J. and {Famaey}, B. and {Freeman}, K. and {Gibson}, B.~K. and {Gilmore}, G. and {Grebel}, E.~K. and {Kordopatis}, G. and {Kunder}, A. and {Minchev}, I. and {Munari}, U. and {Navarro}, J. and {Parker}, Q. and {Reid}, W.~A. and {Seabroke}, G. and {Siebert}, A. and {Steinmetz}, M. and {Watson}, F. and {Wyse}, R.~F.~G. and {Zwitter}, T.},
        title = "{Constraints on the Galactic bar from the Hercules stream as traced with RAVE across the Galaxy}",
      journal = {\aap},
     keywords = {Galaxy: kinematics and dynamics, Galaxy: structure, Galaxy: disk, Galaxy: evolution, Astrophysics - Astrophysics of Galaxies},
         year = 2014,
        month = mar,
       volume = {563},
          eid = {A60},
        pages = {A60},
          doi = {10.1051/0004-6361/201322623},
archivePrefix = {arXiv},
       eprint = {1309.4272},
 primaryClass = {astro-ph.GA},
       adsurl = {https://ui.adsabs.harvard.edu/abs/2014A&A...563A..60A},
      adsnote = {Provided by the SAO/NASA Astrophysics Data System}
}

@ARTICLE{2016MNRAS.460..497H,
       author = {{Hattori}, Kohei and {Erkal}, Denis and {Sanders}, Jason L.},
        title = "{Shepherding tidal debris with the Galactic bar: the Ophiuchus stream}",
      journal = {\mnras},
     keywords = {Galaxy: bulge, Galaxy: evolution, Galaxy: kinematics and dynamics, Galaxy: structure, Astrophysics - Astrophysics of Galaxies, Astrophysics - Cosmology and Nongalactic Astrophysics, Astrophysics - Solar and Stellar Astrophysics},
         year = 2016,
        month = jul,
       volume = {460},
       number = {1},
        pages = {497-512},
          doi = {10.1093/mnras/stw1006},
archivePrefix = {arXiv},
       eprint = {1512.04536},
 primaryClass = {astro-ph.GA},
       adsurl = {https://ui.adsabs.harvard.edu/abs/2016MNRAS.460..497H},
      adsnote = {Provided by the SAO/NASA Astrophysics Data System}
}
@ARTICLE{2022Univ....8..359M,
       author = {{Milone}, Antonino P. and {Marino}, Anna F.},
        title = "{Multiple Populations in Star Clusters}",
      journal = {Universe},
     keywords = {Astrophysics - Astrophysics of Galaxies, Astrophysics - Solar and Stellar Astrophysics},
         year = 2022,
        month = jun,
       volume = {8},
       number = {7},
        pages = {359},
          doi = {10.3390/universe8070359},
archivePrefix = {arXiv},
       eprint = {2206.10564},
 primaryClass = {astro-ph.GA},
       adsurl = {https://ui.adsabs.harvard.edu/abs/2022Univ....8..359M},
      adsnote = {Provided by the SAO/NASA Astrophysics Data System}
}


